3232 4938
15 3833 23 4015 l

649 439 867 500 ..23-

285 616 447 682 Fortasse
470 613 574 696 igitur
602 614 669 680 iam
691 613 806 680 Bionis
828 613 1031 697 temporibus
1061 633 1101 681 ea
1119 633 1219 696 puaew
1233 576 1319 681 nunc

195 726 292 789 extat
316 721 463 789 codicum
485 721 587 788 lectio
611 740 724 789 veram
748 722 819 788 loco
844 721 1009 805 depellere
1033 721 1152 804 coepit.

285 847 413 913 Eadem
437 846 567 913 ratione
590 845 718 929 explico
742 845 916 914 Strabonis
939 846 1022 912 illud
1046 845 1148 930 (XIV
1171 865 1246 930 pag.
1265 850 1318 929 65)

200 953 256 1039 „tv
288 951 421 1034 ὕστερον
458 955 593 1035 Θούριον
623 946 799 1020 excaecare
845 953 1000 1030 Accedit,
1031 953 1115 1035 quod
1140 951 1261 1018 Strabo
1285 953 1320 1023 in

197 1059 363 1146 catalogis
402 1061 545 1129 uirorum
586 1062 749 1128 clarorum
790 1080 850 1143 per
884 1066 992 1128 totum
1026 1062 1144 1126 librum
1180 1059 1320 1143 singulis

196 1169 332 1237 urbibus
362 1169 501 1235 adnexis
528 1174 663 1253 praeter
691 1170 808 1236 Eleam
839 1174 874 1235 et
901 1168 1030 1236 Rudiae
1058 1167 1198 1233 italicas
1222 1168 1320 1234 urbes

195 1276 346 1360 neglexit
370 1276 563 1359 omninoque
586 1277 621 1343 in
637 1295 731 1343 usum
746 1277 928 1342 incolarum
945 1275 1050 1342 Asiae
1066 1274 1201 1342 minoris
1217 1274 1319 1357 scrip-

196 1384 251 1452 sit.
319 1379 439 1449 Confer
486 1380 743 1469 Stempliugcr
793 1383 933 1450 Strabos
987 1381 1320 1449 litterarbistoriscbe

193 1490 344 1557 Notizen
368 1489 483 1575 (1894)
507 1509 583 1573 pag.
610 1495 664 1572 623
689 1495 740 1556 aa.
1197 1469 1199 1473 ⁴
1278 1495 1279 1500 ‘

286 1615 360 1681 Iam
393 1614 545 1695 quoniam
576 1613 800 1680 intelleximus
829 1613 1037 1681 Herodotum
1062 1615 1104 1680 ab
1129 1613 1205 1680 aliis
1228 1618 1321 1679 recte

95 1807 101 1818 ι
198 1721 491 1790 Helicamassium
516 1721 721 1804 appellatum
745 1739 829 1798 esse,
854 1721 959 1804 ipsum
978 1727 1089 1788 autem
1111 1720 1267 1786 Thorium
1284 1740 1320 1786 se

194 1849 349 1913 vocasse,
390 1829 642 1912 progrediamur·
682 1829 725 1894 ad
766 1829 992 1895 testimonium
1028 1828 1166 1894 Duridis
1206 1828 1319 1910 Samii,

197 1939 252 2021 qui
285 1936 492 2004 Herodotum
523 1955 603 2002 suae
634 1935 765 2019 patriae
799 1935 896 2004 Samo
928 1935 1153 2003 vindicavisse
1177 1925 1318 2002 videtur.

201 2048 242 2112 ln
263 2063 395 2111 censum
418 2043 556 2110 veniunt
579 2044 682 2109 verba
706 2041 828 2108 Snidae
849 2042 883 2108 in
898 2043 972 2110 vita
987 2042 1205 2125 Panyassidis
1222 2044 1319 2108 baec:

207 2157 309 2232 Δοῦρις
339 2154 372 2214 δὲ
404 2152 569 2226 Διοκλέους
599 2173 630 2212 τε
660 2152 756 2212 παῖδα
785 2146 944 2230 ἀνέγραψε
967 2155 1017 2212 καὶ
1041 2149 1173 2225 Σάμιον,
1199 2147 1319 2224 ὁμοίως

204 2262 237 2323 δὲ
257 2264 306 2322 καὶ
328 2258 515 2338 Ἡρόδοτον.
528 2255 673 2336 Θούριον.

285 2387 352 2453 Est
373 2390 487 2458 autem
510 2385 593 2450 haec
609 2383 765 2451 memoria
786 2404 824 2450 eo
841 2383 971 2466 dignior
992 2402 1088 2464 quam
1105 2381 1320 2466 excutiamus,

201 2493 283 2576 quod
314 2493 389 2558 vita
421 2490 638 2575 Panyassidis
670 2510 712 2556 ex
743 2489 876 2574 egregio
908 2489 1001 2556 fonte
1031 2489 1192 2572 originem
1216 2490 1319 2557 duxit.
1404 2569 1405 2572 Ἴ

197 2601 383 2668 Praeclara
408 2604 484 2665 sunt
506 2600 611 2666 verba
635 2595 670 2674 ὃς
685 2604 850 2676 βεσθεῖοιιν
873 2594 929 2678 τὴν
952 2594 1114 2676 ποιητικὴν
1138 2597 1321 2680 ἐπανήγαγε,

196 2729 283 2792 quae
324 2706 587 2777 Bernhardius
629 2707 663 2772 in
701 2706 842 2777 historia
885 2705 1075 2772 litterarum
1113 2704 1322 2772 Graecarum

192 2819 314 2884 vertit:
348 2834 404 2900 „er
436 2819 501 2900 gab
534 2816 607 2882 dem
638 2819 842 2881 ermatteten
864 2815 955 2897 Epos
984 2812 1079 2878 einen
1108 2831 1215 2895 neuen
1238 2812 1321 2879 Auf-

190 2925 383 3008 schuung“.

286 3049 359 3118 Nec
399 3048 506 3116 minus
541 3047 727 3115 litterarum
765 3048 843 3112 ordo
879 3045 1107 3128 alphabeticus
1142 3045 1177 3112 in
1212 3044 1321 3112 titulis

191 3154 419 3240 Panyassidis
443 3155 596 3222 librorum
622 3173 686 3222 non
710 3154 891 3238 neglectus,
916 3171 1070 3219 versuum
1086 3171 1239 3219 numerus
1256 3153 1320 3219 ior·

189 3263 288 3332 mula
312 3267 352 3338 εἰς
374 3262 431 3343 ἔπη
454 3263 644 3339 denotatus,
670 3260 862 3328 Jonicorum
885 3264 1023 3327 metrum
1046 3259 1196 3326 additum
1217 3265 1253 3326 et
1270 3281 1320 3327 ar·

188 3378 388 3458 gumentum
404 3370 519 3454 paucis
537 3369 742 3436 delineatum
758 3371 877 3435 bonam
893 3368 1036 3435 indolem
1051 3387 1131 3450 prae
1149 3386 1184 3434 se
1197 3368 1319 3435 ferunt.

189 3475 457 3548 Wachsmuth.
490 3478 598 3561 Symb.
620 3477 699 3560 phil.
721 3477 826 3542 Bonn.
849 3475 964 3561 (1864)
987 3493 1061 3559 pag.
1084 3480 1187 3558 149n3
1211 3473 1320 3543 Daub

190 3587 276 3656 Jhb.
302 3584 414 3669 Suppl.
439 3586 496 3652 XI
519 3584 634 3671 (1880)
659 3603 733 3667 pag.
759 3589 831 3648 415.

290 3711 405 3778 Elidem
444 3709 567 3794 insigni
602 3708 738 3785 auctoni,
776 3707 867 3774 ouius
902 3726 1033 3774 manum
1069 3707 1103 3774 in
1138 3707 1249 3774 verbis
1285 3701 1321 3780 ὅς

193 3826 382 3897 οβεοθεῖοαν
408 3871 414 3884 .
441 3867 448 3883 .
473 3817 564 3884 etin
588 3814 744 3884 memoria
767 3815 808 3881 de
832 3814 926 3881 libris
949 3807 1319 3898 Panyassidistradita

199 3925 420 4010 agnoscimus,
443 3924 580 3992 Doridis
604 3922 827 3992 testimonium
851 3923 1008 3989 attribuo.

288 4049 470 4121 Veniamus
501 4050 545 4115 ad
568 4049 706 4132 singula.
754 4047 883 4136 Meyer
903 4046 1138 4128 Forschungen
1152 4063 1230 4128 pag.
1258 4050 1319 4108 196

197 4156 443 4242 Panyassidem
482 4161 518 4223 et
551 4155 755 4222 Herodotum
792 4173 812 4220 a
846 4153 973 4220 Duride
1007 4156 1142 4235 prepter
1174 4152 1320 4234 patriam
1374 4165 1379 4176 ·

199 4265 391 4350 adoptivam
416 4263 560 4340 Samium
585 4271 620 4328 et
644 4263 802 4329 Thurium
824 4268 1032 4344 nuncupatos
1056 4276 1130 4326 esse
1154 4266 1262 4342 putat.
