3232 4938
672 451 891 508 ..41-

222 624 373 692 nodotum
391 629 426 691 et
442 623 665 700 ,condidisse
685 629 720 690 ot
736 627 897 690 mortuum
915 641 988 691 esso
1001 622 1177 706 Thuriis.*)
1203 624 1341 710 Quando

219 730 403 798 decesserit
425 730 598 799 nescimus.
644 731 802 803 Videmus
827 735 936 797 eutem
961 730 996 798 iu
1018 730 1232 799 historiarum
1248 731 1342 798 libris

218 838 342 905 nullius
364 837 414 904 rei
436 839 633 907 mentionem
656 837 737 916 fiori,
762 857 847 921 quae
862 843 938 921 post
956 858 1076 906 annum
1093 845 1156 904 430
1175 840 1340 922 evenerit3

218 964 297 1014 nom
325 945 499 1013 tumultum
527 946 617 1014 illum
640 946 802 1013 Medicum
828 945 1073 1030 (Hdt.1‚130)
1099 964 1163 1013 nou
1186 948 1247 1013 sub
1274 947 1342 1012 Do·

218 1073 277 1120 reo
300 1051 413 1120 Notho
438 1072 522 1120 anno
548 1058 611 1118 408
636 1052 748 1137 fuisse,
774 1053 833 1120 sed
848 1054 909 1120 sub
930 1052 1039 1137 priore
1054 1054 1167 1120 Dereo
1185 1073 1225 1118 ex
1241 1052 1340 1119 titulo

218 1160 408 1229 Behisteno
432 1159 670 1248 didieimus**).

311 1266 406 1351 Quod
435 1272 548 1337 temen
573 1265 863 1338 wilamowitius
894 1268 1021 1352 (Herm.
1057 1273 1095 1331 12
1126 1271 1239 1351 (1877)
1264 1288 1342 1353 pag.

223 1381 286 1440 359
309 1373 454 1442 Athenis
481 1373 687 1442 Herodotum
714 1373 910 1459 pestilentia
937 1377 1112 1458 abreptum
1141 1395 1215 1444 esse
1247 1380 1341 1442 autu·

220 1486 302 1558 mot
327 1500 369 1549 ex
395 1480 542 1550 tenebris
572 1481 771 1551 falsissimae
795 1482 883 1552 illius
906 1480 1216 1553 Kirehhoiiiunuo
1241 1483 1341 1567 opini-

222 1590 294 1658 onis
317 1588 460 1674 scripsit,
485 1590 525 1657 de
549 1609 614 1672 que
636 1609 722 1657 nune
737 1591 836 1674 plane
853 1589 1092 1674 desperandum
1114 1595 1174 1658 est.
1221 1589 1342 1659 Omnia

226 1697 307 1764 enim
336 1701 542 1780 argumenta,
575 1696 691 1779 quibus
715 1697 810 1764 nixus
841 1698 900 1765 ille
928 1696 1112 1767 aedificium
1135 1697 1341 1781 splendidum

222 1805 297 1871 olim
330 1803 511 1884 exstruxit,
543 1822 629 1871 nune
660 1803 842 1889 redarguta
875 1811 966 1884 sunt;
999 1825 1076 1872 nem
1107 1811 1142 1872 et
1173 1806 1214 1872 de
1243 1805 1341 1873 titulo

219 1911 476 1979 Halieemessio
505 1915 540 1978 et
568 1911 609 1978 de
637 1911 775 1979 Eusebii
798 1931 884 1980 enno
907 1913 1092 1998 lectionum,
1117 1917 1152 1980 et
1176 1912 1216 1980 de
1239 1912 1341 1980 Anti-

219 2037 329 2104 gonae
357 2019 507 2085 versibus
535 2019 603 2086 iilis
631 2024 666 2085 et
689 2020 729 2085 de
753 2018 939 2103 propylaeis
963 2020 1152 2089 Mnesieleis
1175 2019 1260 2088 falso
1284 2020 1340 2087 ille

220 2126 442 2194 iudicaverat.

311 2235 390 2302 Jem
414 2232 457 2300 nd
479 2233 576 2300 finem
599 2233 743 2319 perveni.
789 2233 866 2302 Non
888 2234 1017 2302 frustra
1040 2241 1116 2320 post
1140 2235 1225 2304 elios
1240 2235 1339 2303 testi·

219 2341 331 2422 monia
355 2343 394 2408 de
418 2339 583 2408 Herodoti
605 2341 678 2409 vite
703 2343 946 2411 examinavisse
969 2342 1048 2410 mihi
1070 2342 1195 2412 videor.

311 2516 337 2590 *)
356 2518 397 2574 De
416 2517 494 2574 Pelle
512 2518 547 2574 oi.
566 2519 666 2576 Nostle
684 2519 741 2574 Des
761 2518 834 2576 Grob
853 2519 901 2576 des
914 2519 1072 2590 Euripides,
1084 2518 1184 2578 Philol.
1196 2523 1230 2578 57
1243 2521 1338 2592 (1898)

216 2623 281 2678 pag.
304 2611 363 2664 147.
400 2607 444 2663 Ex
469 2607 614 2665 ruderibus
637 2607 804 2664 Thuriorum
828 2609 876 2665 vix
898 2614 993 2680 potest
1014 2625 1087 2665 nove
1109 2609 1159 2666 lux
1182 2611 1338 2681 exspectari

218 2695 258 2753 Of.
278 2698 361 2766 Juug
378 2696 479 2768 deogr.
499 2714 555 2753 von
574 2697 693 2755 Itelieu‘*
712 2701 780 2756 1897
799 2715 862 2770 pag.
878 2702 913 2757 18
930 2699 1042 2770 (Miller
1061 2699 1150 2769 111,3,
1166 2701 1201 2771 1).

289 2785 331 2856 **)
351 2787 522 2845 Weissbeein
556 2787 613 2842 und
650 2789 747 2857 Beng,
782 2788 834 2844 Die
865 2789 1066 2858 ultpersisehen
1105 2788 1337 2845 Keilinsehriiteu

217 2875 311 2947 (1893)
329 2877 345 2944 ἕ
364 2879 407 2932 24.
