3232 4938
666 453 884 510 ..ιι-

214 623 364 691 colonias
409 624 567 692 deductas
612 624 775 692 adnotare
821 623 945 711 soleat,
989 623 1071 690 nihil
1110 623 1260 708 legamus
1299 626 1340 692 de

215 729 358 798 Thuriis.
1180 749 1182 754 ·

307 838 472 906 Eusebius
502 838 607 923 igitur
637 857 702 905 non
733 839 767 905 in
791 856 878 905 anno
902 845 976 923 444,
1000 839 1147 905 661468
1171 841 1340 908 Herodoti

216 944 320 1027 ἀκμήν
354 944 490 1014 locavit.
542 946 590 1014 Ut
626 943 810 1016 Alfrodus
844 944 1011 1016 Schoenc
1033 964 1086 1012 me
1110 947 1233 1015 litteris
1266 968 1337 1016 cer·

216 1055 333 1122 1161616
356 1053 448 1134 fecit,
475 1053 578 1120 codex
602 1052 799 1122 Oxoniensis
822 1054 1020 1137 Hieronymi
1042 1055 1105 1121 hoo
1127 1054 1268 1121 habet:-

230 1195 233 1200 ·
306 1160 500 1229 Herodotus
523 1160 734 1228 historiarum
758 1160 903 1245 scriptor
926 1160 1118 1245 agnoscitur
1145 1161 1189 1227 ad
1216 1161 1339 1228 Perse·

215 1287 288 1336 rum
318 1267 446 1334 Xerxis
477 1286 598 1336 annum
633 1274 671 1333 17
696 1297 738 1323 =
762 1266 891 1352 Olymp.
917 1274 976 1351 77,
1001 1275 1020 1331 4
1045 1299 1087 1321 =
1112 1287 1188 1335 ann.
1212 1267 1339 1334 Abrah.

221 1382 304 1441 1548
321 1405 363 1429 =
380 1381 454 1440 469.

309 1481 424 1550 Codex
446 1485 558 1548 antem
581 1480 813 1558 Londincnsis,
837 1482 870 1548 in
895 1501 957 1564 quo
981 1482 1059 1550 anni
1084 1482 1126 1576 nd
1150 1501 1247 1566 reges
1270 1481 1340 1549 Ma·

218 1588 378 1656 oedonum
410 1588 650 1656 accommodati
681 1596 768 1673 sunt,
796 1590 858 1655 hoc
881 1589 997 1656 habet:
1021 1589 1214 1656 Herodotus
1237 1589 1341 1656 histo·

217 1695 341 1763 riarum
364 1695 508 1778 scriptor
532 1695 726 1779 agnoscitur

218 1803 263 1871 ad
285 1803 414 1871 Maced.
439 1804 537 1870 Alex.
563 1821 683 1870 annum
701 1803 948 1889 aa=01ymp.
969 1810 1039 1887 77,1
1060 1835 1102 1858 π
1120 1822 1194 1870 666.
1211 1804 1340 1870 Abrah.

220 1916 305 1976 1545
323 1942 366 1964 =
383 1917 424 1975 47
428 1919 457 1975 2.
1311 1913 1312 1916 ’

310 2015 470 2084 Armenia
502 2017 610 2086 versio
641 2017 776 2086 exhibet
808 2037 927 2084 annum
960 2024 1039 2102 468,
1071 2019 1208 2086 eundem
1240 2018 1342 2084 codex

222 2125 387 2192 anensis
407 2123 618 2209 Reginonsis,
640 2143 735 2206 quem
757 2123 884 2208 sequor,
902 2125 980 2206 quia
996 2126 1173 2194 secundum
1190 2123 1341 2193 Waohs·

222 2229 405 2306 muthium
417 2231 531 2318 onim.
554 2250 631 2316 pag.
658 2232 735 2317 172)
758 2231 792 2298 16
809 2229 905 2298 66616
921 2231 1095 2298 maximam
1112 2233 1207 2300 fidem
1231 2231 1366 2298 habet·

410 2339 500 2408 Hcoo
523 2343 734 2423 conspectus:
757 2338 957 2423 Baginensis
1115 2346 1179 2405 468

699 2506 701 2510 ,
757 2444 957 2514 Oxoniensis
1116 2452 1180 2511 469

754 2551 918 2618 Armenia
940 2552 1051 2620 versio
1116 2559 1181 2618 468

826 2705 840 2734 „
982 2708 996 2737 „
1075 2666 1181 2725 z468

753 2765 975 2834 Londinensis
1116 2773 1180 2831 472

218 2878 273 2944 De
304 2875 505 2944 Oxoniensis
536 2881 572 2942 61
601 2873 821 2941 Londinensis
853 2872 1058 2941 auctoritate
1089 2872 1177 2940 inira
1200 2891 1275 2957 pag.
1300 2881 1341 2938 29

219 2981 339 3050 dicam.
396 3025 399 3032 ·

312 3090 392 3159 Jam
416 3108 624 3172 quaeramus,
656 3107 714 3155 cur
738 3088 903 3155 Eusebius
934 3088 996 3154 hoc
1019 3086 1224 3170 potissimum
1255 3105 1342 3154 anno

220 3196 429 3265 Herodotum
452 3196 589 3281 agnosci
612 3196 761 3280 coepisse
785 3194 937 3264 voluerit.
984 3196 1049 3262 Est
1077 3195 1131 3262 hio
1155 3195 1342 3279 66666611-

219 3323 296 3372 mus
319 3321 425 3370 annus
449 3308 636 3387 postremae
660 3301 785 3370 Xerxis
807 3301 1004 3386 olympisdis
1028 3307 1063 3370 61
1077 3301 1149 3369 fleri
1167 3307 1289 3386 potest,
1306 3311 1344 3369 ut

218 3412 491 3494 chronographus
515 3409 571 3477 ille
594 3410 759 3478 Herodoti
791 3409 893 3489 ἀκμήν
922 3402 1079 3476 extremis
1102 3410 1230 3477 Xerxis
1260 3415 1342 3477 tom·

216 3517 355 3603 poribus
377 3513 525 3585 tribuere
548 3518 701 3586 voluerit.
747 3517 813 3584 Sed
836 3521 967 3584 ceteras
991 3516 1173 3584 Eusebiani
1193 3518 1271 3584 anni
1293 3517 1342 3583 in·

216 3624 481 3709 terpretationes
512 3629 602 3708 (468)
635 3644 656 3691 a
683 3624 766 3694 viris
790 3623 897 3690 doctis
920 3623 1130 3710 excogitatas
1154 3624 1342 3708 circumspi-

218 3732 355 3800 6161666.

310 3838 460 3911 Busolti
493 3838 662 3906 sententia
698 3837 772 3924 (Gr.
797 3839 919 3908 Gosch.
942 3839 982 3906 11
1005 3858 1080 3924 pag.
1107 3844 1147 3902 90
1171 3857 1204 3904 n.
1229 3840 1261 3920 2)
1285 3857 1342 3920 pn·

215 3946 327 4015 tantis
358 3946 537 4015 Eusebium
569 3947 715 4014 voluisse
745 3964 817 4015 eum
850 3964 972 4014 annum
999 3950 1125 4030 notare,
1149 3963 1211 4026 quo
1235 3945 1342 4010 Hero·

217 4056 318 4122 dotus
341 4055 393 4124 sui
407 4055 489 4123 iuris
505 4055 617 4122 factus
639 4060 739 4140 esset,
757 4056 877 4122 abusu
893 4053 1215 4138 chronographorum
1232 4051 1343 4120 aliena

214 4167 284 4233 est.
328 4163 421 4230 Idem
452 4162 486 4229 in
517 4163 579 4228 hoc
609 4161 713 4229 161666
744 4166 806 4242 661,
838 4161 924 4244 quod
954 4162 1104 4228 litteram
1136 4159 1342 4226 tarmeniae

214 4269 383 4341 versionis
413 4269 448 4337 16
479 4268 629 4338 editione
659 4268 867 4338 Schoeniaua
896 4287 962 4336 non
992 4267 1036 4334 ad
1067 4285 1190 4333 annum
1212 4263 1342 4334 Abrah.
