3232 4938
744 437 962 492 ..10-

383 600 523 675 Persica
551 607 691 690 quidem,
721 612 800 673 ante
823 625 909 689 quae
931 607 1125 675 Herodotus
1148 606 1212 674 furit
1236 606 1412 686 γενόμενος,

178 779 186 791 ,
295 714 474 801 secuudum
497 717 622 781 certum
646 714 969 798 chronographorum
999 733 1092 782 usum
1121 715 1242 783 annum
1266 720 1330 779 4111)
1357 715 1413 782 (1ο-

294 821 438 906 signant.
492 821 664 888 Immerito
695 827 806 887 autem
837 818 1023 898 Rohdius‚
1057 822 1112 904 qui
1142 839 1212 888 rem
1242 821 1277 889 iu
1306 822 1413 890 medio

293 928 437 1010 reliquit,
462 928 505 996 de
529 931 630 996 verbo
653 929 821 1008 praeparor
842 928 924 995 illud
947 929 1103 1012 respexit,
1126 923 1213 1011 quod
1237 929 1413 999 secuudum

295 1035 490 1120 Dionysium
522 1042 655 1103 veteres
687 1035 882 1120 logographi
913 1033 976 1118 ιιρὸ
1007 1038 1067 1099 τοῦ
1097 1041 1252 1116 Περσικοῦ
1273 1037 1414 1112 πολέμου

294 1145 485 1222 ἐγένοντο,
510 1144 565 1209 ubi
589 1147 681 1209 certe
704 1142 848 1210 deflere
871 1161 978 1210 sermo
1002 1147 1064 1210 est.

384 1251 545 1331 Equidem
568 1254 649 1333 puto
671 1255 933 1331 saepememoratus·
956 1250 1000 1317 ad
1021 1250 1117 1318 finem
1141 1250 1234 1318 vitae
1248 1251 1414 1335 respicere

294 1357 434 1440 ideoque
457 1360 646 1437 γενομὲνους
670 1358 712 1423 ad
737 1357 865 1424 Initium
889 1357 993 1426 vitae.

382 1464 578 1532 Herodotus
609 1464 711 1548 igitur
741 1483 763 1530 a
796 1463 959 1548 Dionysio
990 1462 1095 1530 eidem
1127 1463 1228 1531 classi
1258 1463 1415 1531 tribuitur

297 1577 401 1654 atque
424 1572 619 1656 logogrephi
648 1571 862 1655 recentiores,
894 1576 932 1639 ut
956 1571 1059 1638 etiem
1083 1589 1124 1637 ex
1146 1567 1258 1654 capite
1280 1571 1416 1638 XXIII

296 1680 440 1746 eiusdem
472 1678 576 1749 libelli
599 1685 751 1762 apparet,
776 1698 838 1760 quo
862 1679 933 1745 loco
956 1678 1037 1745 item
1060 1684 1217 1758 Περσικοῦ
1239 1679 1414 1745 emendan-

294 1788 370 1855 dum
401 1792 467 1854 est:
500 1789 530 1849 ol
561 1789 594 1852 δὲ
625 1783 688 1867 πρὸ
720 1794 780 1849 τοῦ
810 1787 968 1867 Περσικοῦ
1002 1785 1164 1865 γενόμενοι
1193 1786 1335 1861 πολέμου
1364 1786 1415 1849 καὶ
1468 1799 1474 1810 “

293 1897 384 1975 μέχρι
407 1903 462 1975 τῆς
483 1897 682 1958 θονκνὸἱὸου
704 1899 957 1974 παρεκτείναντες
978 1892 1096 1974 ἡλικίας
1111 1939 1224 1958 .....
1241 1888 1324 1972 πλὴν
1345 1889 1416 1967 ἑνὸς
1459 1959 1461 1965 ,

293 1998 475 2081 Ἡροδότου.
505 1992 605 2077 Οὗτος
627 2005 660 2066 δὲ
678 2049 685 2064 .
704 2049 712 2065 .
731 2051 764 2067 ..
997 2017 1000 2026 '
1358 2029 1361 2034 ·

383 2109 500 2190 Neque
523 2112 637 2175 tamen
660 2127 746 2194 nego
769 2109 856 2175 hanc
879 2113 993 2175 textus
1017 2105 1233 2174 mutationem
1254 2104 1416 2174 incanam

296 2233 380 2298 esse,
405 2215 482 2297 quia
506 2215 628 2299 duplici
651 2215 732 2307 loco¹
746 2216 974 2300 corrigendum
997 2220 1062 2284 est.
1174 2265 1177 2274 ,

386 2323 480 2409 Quae
508 2340 581 2389 eum
614 2321 666 2388 ita
697 2321 775 2404 sint,
808 2321 1002 2407 Dionysius,
1034 2321 1087 2388 eui
1120 2319 1297 2410 Meyerus
1332 2318 1413 2402 (ee-

211 2513 212 2518 ,
298 2427 447 2496 schiehte
471 2430 512 2497 de
538 2428 728 2498 Altertums
751 2430 799 2505 II,
826 2433 879 2510 10)
901 2449 967 2497 non
982 2431 1119 2499 multum
1133 2426 1266 2513 tribuit,
1284 2425 1408 2510 optime

295 2537 475 2604 coneordat
499 2554 571 2604 eum
595 2536 780 2619 Pamphila,
806 2555 903 2618 quam
927 2537 1057 2620 quidem
1080 2535 1230 2620 posuIsse
1249 2532 1414 2600 Herodoti

292 2643 395 2725 ἀκμήν
430 2634 465 2711 in
500 2663 587 2712 anno
623 2651 689 2708 444
725 2661 825 2727 supra
857 2647 973 2710 contra
1004 2640 1320 2726 Gutsehmidium,
1353 2641 1410 2724 qui

294 2749 474 2817 Diodorum
498 2770 595 2819 secus
619 2750 838 2834 intellexerat,
861 2750 1075 2820 defendimus.
1312 2759 1313 2764 ’
1420 2771 1422 2776 ⁴

384 2857 479 2943 Quod
504 2856 797 2927 Wiedemanuus
833 2858 879 2925 in.
906 2858 1140 2926 commentario
1169 2855 1307 2925 secundi
1328 2853 1415 2924 ‘libri

294 2965 460 3033 Herodoti
482 2985 603 3034 annum
619 2966 763 3048 epochae
781 2965 925 3032 Thuriae
948 2967 990 3032 ed
1006 2968 1092 3033 huuc
1107 2963 1415 3048 interpretationem

294 3072 472 3140 admittere
503 3073 618 3157 noluit,
650 3072 752 3142 facile
783 3077 836 3141 est
858 3073 941 3152 eius
954 3080 1183 3160 argumentum
1206 3071 1415 3155 redarguere.

295 3179 443 3248 Obstare
467 3179 552 3246 enim
576 3179 738 3264 opinatur,
762 3182 849 3263 quod
871 3181 1064 3248 Herodotus
1087 3199 1152 3247 non
1174 3183 1212 3246 ut
1232 3178 1341 3246 socius
1365 3197 1414 3245 co·

295 3286 415 3370 Ioniae,
439 3286 497 3354 sed
521 3291 559 3354 ut
581 3307 690 3354 rerum
714 3286 857 3370 scriptor
879 3290 1033 3355 honorem
1061 3293 1097 3354 et
1124 3287 1246 3354 famam
1275 3286 1416 3368 adeptus

295 3393 348 3459 sit.
395 3392 503 3474 Ἀκμῆς
534 3393 636 3478 igitur
667 3399 853 3477 computum
882 3394 1034 3462 debuisse
1058 3413 1099 3460 ex
1122 3392 1292 3462 litteraria
1315 3411 1416 3476 opere

293 3501 458 3568 Herodoti
481 3499 654 3584 proficisci.
702 3500 770 3569 Sed
793 3519 851 3568 eur
874 3501 1028 3586 Gorgias,
1057 3501 1221 3586 Mehssus,
1253 3503 1416 3585 Protugo·
1505 3483 1511 3492 ⁸

293 3627 360 3690 ras,
391 3609 610 3692 Empedocles
641 3609 745 3676 eidem
777 3609 922 3692 epochae
954 3608 1210 3678 adscribuntur?
1262 3609 1351 3676 Num
1365 3637 1368 3646 r
1381 3607 1416 3674 hi

294 3715 357 3783 viri
380 3715 527 3801 insignes
551 3715 692 3793 suerunt,
718 3718 795 3810 quia
818 3716 968 3784 coloniae
988 3716 1077 3785 illius
1097 3716 1238 3787 'Ihurios
1254 3716 1416 3783 deductae

295 3822 476 3906 participes
509 3823 628 3890 erant?
673 3824 778 3890 Immo
808 3822 974 3892 Eusebius
1003 3825 1089 3892 solet
1113 3822 1216 3904 ἀκμήν
1239 3823 1416 3891 celebrium

293 3929 453 4014 virorum,
485 3930 541 4012 qui
562 3929 650 3996 idem
681 3930 716 3996 iu
746 3949 879 3998 numero
911 3931 1097 3999 colonorum
1125 3931 1349 4004 reeensentur,
1382 3929 1416 4026 in

294 4055 381 4102 anno
421 4035 586 4104 deductae
618 4037 767 4104 coloniae
805 4057 943 4121 ponere,
978 4037 1176 4126 praesertim
1211 4036 1245 4104 in
1279 4035 1417 4120 penuria

295 4148 408 4210 certae
446 4143 486 4209 de
522 4143 596 4212 vita
629 4143 800 4230 scientiae,
830 4145 916 4212 unde
946 4145 1090 4212 fortasse
1125 4143 1248 4211 factum
1284 4146 1351 4226 est,
1379 4146 1417 4209 ut

295 4249 382 4333 apud
413 4250 603 4337 Eusebium,
634 4252 676 4318 ad
707 4271 803 4334 quem
830 4270 916 4320 nunc
931 4255 1083 4327 'transeo
1109 4249 1258 4336 quamvis
1282 4253 1416 4328 strenue
