3232 4938
769 425 984 484 -20..

317 597 394 683 legi,
417 597 470 680 qui
494 599 529 665 in
552 598 787 665 dissertatione
810 598 977 681 Lipsiensi
1001 598 1041 665 de
1057 597 1211 666 Adonide
1228 600 1343 683 (1877)
1358 615 1440 682 pag.

321 710 358 768 17
392 703 622 774 Hercherum
655 711 790 772 secutus
813 705 895 771 nihil
916 705 1110 773 Ptolemaeo
1139 705 1333 773 credendum
1363 724 1442 774 esse

318 812 474 896 affirmat,
498 813 584 894 quod
605 831 671 879 non
694 813 832 880 eliorum
856 832 983 894 quoque
1006 813 1441 917 auctoritate‘fuioietur.*)

408 919 616 987 Prooemium
639 920 804 986 Herodoti
828 919 977 986 omnibus
992 926 1061 986 turn
1077 924 1188 987 notum
1205 913 1304 987 eret
1327 919 1441 1005 Quae·

315 1028 403 1093 renti
432 1026 544 1110 igitur,
574 1047 595 1093 a
624 1027 741 1109 quibus
769 1028 880 1093 verbis
908 1027 1075 1094 Herodoti
1096 1027 1239 1098 historia
1255 1027 1439 1111 inciperet,

317 1135 433 1202 stetim
476 1135 754 1216 respondebatur:
792 1133 967 1215 Ἡροὸότοο
1003 1125 1278 1215 Ἁλικαρνασσέως
1300 1138 1442 1215 ίστορίης

317 1239 460 1320 ἀπόδεξις
481 1235 545 1321 ἥδε.
591 1243 805 1309 Ptolemaeus
829 1248 939 1308 autem
965 1243 1086 1309 ceteris
1109 1242 1236 1309 doctior
1257 1241 1364 1311 videri
1379 1260 1439 1310 vo·

316 1350 380 1416 luit
409 1369 544 1431 cumque
573 1358 649 1433 post
676 1349 814 1432 primum
844 1350 1052 1418 enuntiatum
1078 1351 1155 1417 inde
1179 1371 1200 1416 e
1223 1350 1333 1419 verbis
1356 1357 1440 1429 Περ-

317 1460 450 1522 σίονοί
481 1457 580 1536 λόγιοι
604 1463 696 1524 recte
719 1457 881 1526 sensisset
912 1476 986 1524 esse
1017 1456 1076 1537 τὴν
1105 1456 1339 1536 κατὰφύσιν
1370 1461 1442 1521 τῶν

316 1567 463 1645 ἱστοριῶν
486 1562 597 1645 ἀρχὴν,
621 1571 659 1631 ut
681 1565 752 1648 ipse
769 1564 860 1647 dicit,
877 1563 1039 1632 affectans
1055 1565 1226 1632 doctrinae
1241 1565 1439 1632 reconditae

318 1672 497 1754 gloriolam,
523 1672 669 1738 fabulam
693 1672 784 1738 illam
808 1673 848 1738 de
871 1672 1035 1755 prooemio
1058 1678 1176 1756 postea
1199 1672 1291 1746 facto
1308 1671 1440 1756 excogi-

316 1779 415 1847 tavit.

404 1888 583 1970 Perperam
628 1884 835 1954 Lerochins
877 1888 962 1954 hanc
996 1888 1142 1954 fabulam
1173 1889 1214 1954 de
1245 1881 1442 1956 Plesirrhoo

316 1993 433 2059 docere
465 1993 671 2077 opinabatur,
702 1994 757 2060 vel
789 1994 973 2077 antiquitus
1004 1995 1160 2077 quosdam
1192 1995 1232 2061 de
1261 1995 1443 2065 authentia

316 2099 472 2183 prooemii
496 2100 711 2167 dubitavisse.
757 2103 860 2168 Immo
878 2103 948 2168 'hoc
973 2121 1069 2170 onum
1085 2121 1199 2169 verum
1219 2106 1273 2169 est
1288 2103 1443 2185 potuisse

315 2208 519 2276 Herodotum
545 2208 662 2274 stetim
686 2209 734 2275 sic
757 2209 914 2291 incipere:
939 2213 1085 2290 Περσέων
1109 2213 1139 2273 ot
1161 2208 1271 2288 λόγιοι.
1315 2212 1365 2276 Hc
1389 2208 1441 2276 fe-

316 2316 411 2382 cilius
435 2321 545 2382 autem
570 2314 684 2382 fabula
707 2315 797 2382 credi
820 2322 963 2399 poterat,
989 2317 1075 2399 quod
1097 2317 1237 2400 primum
1262 2321 1297 2383 et
1320 2333 1439 2384 secun·

316 2424 389 2489 dum
419 2423 625 2490 enuntiatum
641 2423 749 2507 operis
773 2424 958 2493 Herodotei
981 2426 1070 2506 nullo
1094 2424 1282 2510 sententiae
1307 2425 1438 2491 vinculo

317 2531 491 2596 coniuncto
515 2538 601 2598 sunt.

406 2637 501 2721 Quod
524 2637 710 2705 Maessius
734 2657 836 2720 nuper
860 2639 894 2704 in
917 2639 1057 2706 Arateis
1079 2644 1193 2721 (1892)
1219 2639 1342 2722 aliquid
1364 2640 1436 2707 veri

316 2746 403 2828 apud
434 2745 661 2810 Ptolemaeum
694 2744 864 2811 Chennnm
895 2747 1023 2812 detexit
1047 2751 1135 2831 (pag.
1161 2752 1234 2830 368,
1262 2753 1324 2828 12),
1351 2747 1436 2816 alius

316 2852 448 2936 generis
471 2851 531 2917 illa
553 2854 658 2919 verba
683 2860 769 2920 sunt.

405 2960 526 3039 itaque
551 2959 652 3026 etiem
675 2966 751 3041 post
774 2961 971 3034 Larochium
991 2966 1062 3028 tuto
1080 2962 1214 3028 credere
1231 2959 1345 3028 licebit
1360 2981 1434 3044 pro·

315 3067 455 3134 oemium
468 3069 510 3133 ab
524 3067 595 3150 ipso
608 3069 780 3134 Herodoto
793 3068 952 3152 scriptum
966 3089 1049 3151 esse,
1070 3071 1191 3153 quippe
1209 3072 1292 3152 quod
1307 3071 1432 3152 Thucy·

315 3174 474 3261 dides**),
492 3176 705 3258 Aristoteles,
718 3177 921 3261 Demetrius,
937 3176 1126 3260 Dionysius,
1140 3178 1338 3244 Plutarchus
1355 3183 1433 3242 aute

315 3283 427 3350 oculos
445 3283 630 3366 habuerint,
647 3283 706 3348 sed
722 3283 830 3349 tacuit
846 3283 1040 3351 Herodotus
1055 3284 1090 3349 in
1105 3283 1269 3366 prooemio
1286 3285 1326 3350 de
1340 3284 1436 3350 Hali-

313 3409 474 3457 carnasso
489 3395 588 3472 atque
598 3389 753 3456 Thorium
767 3409 803 3458 se
816 3391 1007 3473 appellavit.
1030 3392 1235 3477 Desiuguiis
1247 3391 1323 3460 vide
1336 3391 1435 3460 infra.

405 3500 521 3565 Utrum
546 3499 679 3581 patriae
707 3499 951 3567 renuntiaverit
979 3518 1040 3567 nec
1063 3521 1105 3568 ne
1128 3501 1300 3568 nescimus.
1348 3499 1381 3565 N
1385 3521 1435 3565 am

311 3605 474 3673 immerito
506 3605 772 3675 Bernirurdius
812 3608 926 3691 (1853)
965 3608 1020 3675 vel
1050 3609 1163 3691 potius
1194 3606 1436 3676 Hernsterhu-

313 3712 393 3782 sius
425 3713 541 3800 (1706)
574 3715 720 3797 glossam
757 3714 878 3782 Suidac
911 3712 1063 3778 ἀπείπατο
1082 3738 1089 3754 ·
1106 3703 1309 3797 ἀπηρνάσατο
1328 3737 1335 3752 ·
1352 3705 1385 3778 ἀ
1403 3719 1437 3778 ἀὲ

312 3824 369 3900 τήν
393 3825 529 3901 πατρίδα
553 3821 706 3886 ἀπείπατο
729 3827 780 3884 καί
816 3822 949 3903 Θούριος
972 3819 1131 3903 ἀνερρήθη
1162 3822 1205 3887 ad
1228 3821 1437 3889 Herodotum

313 3929 480 4009 pertinere
504 3929 618 3996 voluit.
666 3929 762 4015 Quod
783 3929 858 4010 quia
881 3932 1016 3997 uerbum
1034 3926 1192 4010 ἀνερρήθη
1210 3935 1316 4005 vetat,
1335 3930 1436 3997 talem

400 4159 427 4227 *)
446 4163 546 4228 Peter,
557 4159 723 4216 Geschichtl.
739 4159 835 4216 hitter.
847 4160 896 4216 der
906 4166 973 4216 rom.
984 4160 1143 4216 Kaisereeit
1158 4162 1271 4232 lueet)
1290 4178 1356 4231 pag.
1375 4164 1435 4218 162.

387 4267 426 4338 **)
448 4269 558 4339 Haupt,
578 4268 695 4324 Hermes
708 4269 738 4324 II
756 4285 819 4339 peg.
840 4272 900 4325 312.
