3232 4938
630 449 976 530 ...22-

309 623 359 690 Oi.
387 621 546 708 Bergan
573 621 775 689 Geschichte
798 623 857 688 der
882 622 1226 692 wissenschaltlichen
1248 625 1426 692 Erdkunde

309 733 421 811 (reso)
445 730 492 814 Π,
510 734 561 796 ee.

400 835 493 921 Quod
516 835 725 912 Hellanicus,
750 855 845 917 quern
869 842 1002 906 constat
1022 838 1195 906 Herodoto
1211 840 1427 906 recentiorem

310 945 422 1020 fuisse,
455 943 597 1011 secundo
629 943 700 1010 loco
731 942 877 1021 affertur,
907 945 1051 1012 ordinem
1076 945 1340 1030 chronologicum
1363 965 1427 1012 non

310 1052 440 1135 rumpit,
471 1051 529 1117 sed
559 1051 755 1136 pervulgato
783 1056 932 1120 veterum
963 1071 1075 1121 errore
1098 1063 1287 1120 excusatur.
1334 1053 1428 1140 Quod

313 1158 519 1225 Herodotum
543 1158 700 1225 Thurium
725 1160 882 1241 appellat,
906 1179 1025 1229 conseo
1048 1161 1216 1230 Avieunm
1238 1162 1295 1231 vel
1317 1161 1427 1246 potins

311 1267 434 1335 Avieni
459 1267 663 1350 auctorem*)
688 1285 723 1333 re
748 1286 828 1335 vera
851 1267 1031 1336 credidisse
1060 1269 1268 1336 Herodotum
1296 1268 1428 1337 Thuriis

311 1378 416 1440 ortum
440 1392 524 1441 esse.

402 1482 477 1547 Hoc
500 1481 576 1548 inde
600 1482 767 1567 concludo,
796 1483 881 1564 quod
905 1485 1139 1550 Euctemonem
1163 1502 1225 1549 non
1250 1481 1425 1565 Amphipo-

301 1587 463 1671 litanum,
493 1590 551 1655 sed
580 1589 771 1673 popularem
802 1590 891 1658 urbis
923 1589 1063 1660 Atticae
1092 1589 1173 1657 dicit
1207 1588 1428 1673 imprimisque

313 1696 390 1777 quia
415 1715 544 1779 semper
567 1695 691 1764 diserte
715 1697 756 1764 de
779 1717 861 1765 vera
883 1697 995 1781 patria
1017 1698 1171 1780 loquitur,
1195 1705 1232 1765 nt
1255 1716 1354 1766 versu

402 1812 442 1867 45
467 1802 578 1885 prisca
602 1823 695 1886 quem
720 1807 836 1888 genuit
860 1806 975 1874 Sarnos

401 1917 442 1974 46
466 1910 569 1977 nobili
591 1915 691 1977 natus
716 1901 793 1996 Sige

403 2025 442 2086 47
469 2018 585 2085 Rhodo
610 2025 712 2085 ortus.

401 2125 512 2192 Minus
544 2131 700 2192 accurate
731 2127 834 2212 igitur
865 2128 1032 2211 Bergerus
1067 2147 1142 2210 pag.
1177 2131 1217 2190 67
1251 2145 1430 2212 cognomen

313 2234 427 2300 Thurii
450 2233 490 2299 de
511 2232 626 2318 patria
649 2232 809 2316 adoptiva
833 2232 956 2300 dictum
980 2252 1053 2300 esse
1077 2234 1259 2301 contendit.

404 2343 587 2409 Pronomeu
617 2341 689 2425 ipse
716 2359 764 2410 vs
793 2346 835 2404 49
858 2346 976 2409 vertor
991 2341 1028 2426 ja
1052 2339 1158 2408 selbot
1179 2341 1342 2424 Herodot,
1365 2340 1433 2407 nisi

318 2451 430 2529 ‚,inde“
471 2449 644 2533 legendum
678 2454 739 2532 est,
776 2449 861 2530 quod
891 2446 1067 2517 Heinsius
1100 2447 1214 2534 (1658)
1245 2466 1295 2515 vs.
1326 2456 1369 2514 44
1393 2468 1435 2515 ex

235 2607 238 2612 .
312 2557 407 2641 ‚,ille“
431 2557 594 2627 correxit..

402 2663 552 2730 Avienus
575 2664 679 2746 igitur
701 2681 815 2731 uerum
839 2662 918 2728 illud
947 2670 1082 2741 θουρίου
1106 2662 1189 2730 falso
1212 2662 1388 2729 intellexit.

402 2767 682 2838 lliillenhoffius
735 2774 844 2836 autem
899 2770 1082 2852 (Deutsche
1133 2770 1433 2836 Altertumskunde

312 2876 429 2966 (1870)
452 2878 472 2944 I
494 2896 570 2960 pag.
599 2881 650 2955 73)
675 2875 763 2942 inter
786 2876 891 2942 multu
914 2877 1058 2960 uestigia
1075 2876 1290 2961 elegantioris
1311 2877 1431 2946 doctri·

313 3006 377 3053 nae
400 2985 432 3052 iu
458 2984 579 3053 Avieni
603 2983 747 3050 carmine
772 2983 949 3066 conspicuo
972 2984 1086 3050 'l'hurii
1110 3003 1236 3067 quoque
1253 3003 1430 3067 cognomen

315 3111 490 3160 recensere
512 3091 630 3174 potuit,

401 3201 454 3267 Ao
492 3218 533 3266 ne
570 3199 745 3266 Strabonis
779 3199 905 3280 quidem
942 3210 1002 3264 aut
1037 3197 1211 3265 Plutarchi
1244 3195 1430 3264 testimonio

313 3309 494 3375 auctoritas
526 3307 679 3372 lectionis
714 3311 852 3386 Θουρίου
882 3306 1092 3386 imminuitur,
1130 3324 1262 3387 quorum
1293 3311 1430 3386 uterque

313 3416 491 3483 lectionem
514 3411 776 3493 Ἁλικαρνασσέως
798 3413 1018 3495 antiquiorem
1041 3431 1115 3480 esse
1140 3411 1320 3479 existimat.

402 3522 603 3589 Plutarchus
627 3530 739 3588 autem
765 3521 820 3609 (dc
844 3520 942 3588 exilio
970 3520 1023 3603 13)
1050 3525 1149 3603 caput
1178 3519 1335 3586 decimum
1365 3525 1430 3586 ter·

315 3632 396 3697 tium
428 3628 532 3696 libelli
562 3629 603 3696 de
634 3629 731 3696 exilio
763 3649 804 3698 ex
835 3629 949 3696 Bionis
981 3628 1143 3696 diatribus
1167 3626 1376 3710 deprompsit.
1403 3627 1431 3694 si

310 3743 402 3805 recte
425 3737 588 3804 iudicavit
612 3735 797 3806 Giesecke
820 3739 873 3804 De
893 3736 1157 3821 philosophorum
1182 3739 1328 3802 veterum
1345 3753 1431 3816 quae

312 3847 354 3912 ad
378 3845 509 3912 exilium
535 3829 688 3926 spectant
712 3843 888 3911 sententiis
913 3845 1028 3928 (1891)
1053 3863 1129 3928 pag.
1156 3850 1207 3908 95.

400 4112 544 4182 *)l1urx,
570 4111 621 4167 Rh.
651 4111 722 4166 llus.
752 4114 787 4167 50
811 4114 905 4180 (1895)
928 4127 991 4180 pag.
1011 4113 1076 4178 3463
1104 4126 1130 4164 v.
1160 4111 1358 4178 Winterfeld,
1388 4109 1429 4164 De

310 4202 412 4258 Avieni
422 4201 592 4271 metaphrasi
600 4201 766 4256 Aratecrum
778 4200 944 4256 recensenda
986 4197 1075 4288 Berlin
1089 4200 1165 4256 1895.
1189 4197 1430 4268 Pauly-wissowa

312 4291 533 4362 11(1896)png.
554 4293 624 4348 2389
645 4289 733 4349 Marx.
