<?xml version="1.0" encoding="UTF-8"?>
<!DOCTYPE html PUBLIC "-//W3C//DTD XHTML 1.0 Transitional//EN"
    "http://www.w3.org/TR/xhtml1/DTD/xhtml1-transitional.dtd">
<html xmlns="http://www.w3.org/1999/xhtml" xml:lang="en" lang="en">
 <head>
  <title>
</title>
<meta http-equiv="Content-Type" content="text/html;charset=utf-8" />
  <meta name='ocr-system' content='tesseract 3.04.00' />
  <meta name='ocr-capabilities' content='ocr_page ocr_carea ocr_par ocr_line ocrx_word'/>
</head>
<body>
  <div class='ocr_page' id='page_1' title='image "./testimoniadeher00dietgoog_0034.png"; bbox 0 0 3232 4938; ppageno 0'>
   <div class='ocr_carea' id='block_1_1' title="bbox 21 4139 28 4380">
    <p class='ocr_par' dir='ltr' id='par_1_1' title="bbox 21 4135 28 4380">
     <span class='ocr_line' id='line_1_1' title="bbox 21 4139 28 4380; baseline 0 0"><span class='ocrx_word' id='word_1_1' title='bbox 21 4139 28 4380; x_wconf 92' lang='lat' dir='ltr'>l</span> 
     </span>
    </p>
   </div>
   <div class='ocr_carea' id='block_1_2' title="bbox 646 425 865 486">
    <p class='ocr_par' dir='ltr' id='par_1_2' title="bbox 646 425 865 486">
     <span class='ocr_line' id='line_1_2' title="bbox 646 425 865 486; baseline 0.009 -18"><span class='ocrx_word' id='word_1_2' title='bbox 646 425 865 486; x_wconf 72' lang='lat'>..29-</span> 
     </span>
    </p>
   </div>
   <div class='ocr_carea' id='block_1_3' title="bbox 186 599 1319 2294">
    <p class='ocr_par' dir='ltr' id='par_1_3' title="bbox 186 599 1319 1871">
     <span class='ocr_line' id='line_1_3' title="bbox 194 599 1317 684; baseline 0.003 -19"><span class='ocrx_word' id='word_1_3' title='bbox 194 606 335 683; x_wconf 85' lang='lat' dir='ltr'>propter</span> <span class='ocrx_word' id='word_1_4' title='bbox 356 599 512 682; x_wconf 86' lang='lat' dir='ltr'>Diyllum,</span> <span class='ocrx_word' id='word_1_5' title='bbox 539 617 634 680; x_wconf 87' lang='lat' dir='ltr'>quem</span> <span class='ocrx_word' id='word_1_6' title='bbox 657 599 859 665; x_wconf 77' lang='lat' dir='ltr'><strong>Plutarchus</strong></span> <span class='ocrx_word' id='word_1_7' title='bbox 884 605 1050 666; x_wconf 78' lang='lat' dir='ltr'>auctorem</span> <span class='ocrx_word' id='word_1_8' title='bbox 1077 620 1139 666; x_wconf 94' lang='lat' dir='ltr'>non</span> <span class='ocrx_word' id='word_1_9' title='bbox 1163 621 1317 684; x_wconf 88' lang='lat' dir='ltr'>spernen-</span> 
     </span>
     <span class='ocr_line' id='line_1_4' title="bbox 196 706 1318 790; baseline 0.003 -18"><span class='ocrx_word' id='word_1_10' title='bbox 196 707 274 773; x_wconf 91' lang='lat' dir='ltr'>dum</span> <span class='ocrx_word' id='word_1_11' title='bbox 306 707 454 790; x_wconf 88' lang='lat' dir='ltr'>appellat</span> <span class='ocrx_word' id='word_1_12' title='bbox 485 743 526 754; x_wconf 92' lang='lat'>-</span> <span class='ocrx_word' id='word_1_13' title='bbox 559 725 755 788; x_wconf 90' lang='lat' dir='ltr'>quamquam</span> <span class='ocrx_word' id='word_1_14' title='bbox 786 725 851 772; x_wconf 90' lang='lat' dir='ltr'>non</span> <span class='ocrx_word' id='word_1_15' title='bbox 881 706 1042 784; x_wconf 87' lang='lat' dir='ltr'>videmus,</span> <span class='ocrx_word' id='word_1_16' title='bbox 1075 710 1233 790; x_wconf 87' lang='lat' dir='ltr'>quomodo</span> <span class='ocrx_word' id='word_1_17' title='bbox 1264 708 1318 776; x_wconf 92' lang='lat' dir='ltr'>hic</span> 
     </span>
     <span class='ocr_line' id='line_1_5' title="bbox 192 813 1319 897; baseline 0.001 -16"><span class='ocrx_word' id='word_1_18' title='bbox 192 814 326 897; x_wconf 79' lang='lat' dir='ltr'><strong>Ephori</strong></span> <span class='ocrx_word' id='word_1_19' title='bbox 356 813 567 881; x_wconf 79' lang='lat' dir='ltr'>continuator</span> <span class='ocrx_word' id='word_1_20' title='bbox 596 813 630 878; x_wconf 93' lang='lat' dir='ltr'>in</span> <span class='ocrx_word' id='word_1_21' title='bbox 661 813 859 880; x_wconf 88' lang='lat' dir='ltr'>mentionem</span> <span class='ocrx_word' id='word_1_22' title='bbox 892 815 1031 897; x_wconf 86' lang='lat' dir='ltr'>praemii</span> <span class='ocrx_word' id='word_1_23' title='bbox 1053 815 1148 882; x_wconf 91' lang='lat' dir='ltr'>huius</span> <span class='ocrx_word' id='word_1_24' title='bbox 1172 815 1319 882; x_wconf 85' lang='lat' dir='ltr'>incidere</span> 
     </span>
     <span class='ocr_line' id='line_1_6' title="bbox 198 920 1318 1008; baseline 0.001 -19"><span class='ocrx_word' id='word_1_25' title='bbox 198 920 346 1005; x_wconf 86' lang='lat' dir='ltr'>potuerit</span> <span class='ocrx_word' id='word_1_26' title='bbox 380 961 417 972; x_wconf 85' lang='lat'>-</span> <span class='ocrx_word' id='word_1_27' title='bbox 454 940 549 1004; x_wconf 86' lang='lat' dir='ltr'>quarn</span> <span class='ocrx_word' id='word_1_28' title='bbox 583 920 659 1002; x_wconf 89' lang='lat' dir='ltr'>quia</span> <span class='ocrx_word' id='word_1_29' title='bbox 688 920 820 1005; x_wconf 89' lang='lat' dir='ltr'>Diyllus</span> <span class='ocrx_word' id='word_1_30' title='bbox 852 921 896 987; x_wconf 91' lang='lat' dir='ltr'>ad</span> <span class='ocrx_word' id='word_1_31' title='bbox 926 922 1116 1005; x_wconf 78' lang='lat' dir='ltr'><strong>psephisma</strong></span> <span class='ocrx_word' id='word_1_32' title='bbox 1146 931 1318 1008; x_wconf 86' lang='lat' dir='ltr'>provocat,</span> 
     </span>
     <span class='ocr_line' id='line_1_7' title="bbox 195 1028 1319 1124; baseline 0.003 -30"><span class='ocrx_word' id='word_1_33' title='bbox 195 1029 280 1111; x_wconf 88' lang='lat' dir='ltr'>cuod</span> <span class='ocrx_word' id='word_1_34' title='bbox 312 1029 379 1096; x_wconf 90' lang='lat' dir='ltr'>illis</span> <span class='ocrx_word' id='word_1_35' title='bbox 410 1029 613 1112; x_wconf 76' lang='lat' dir='ltr'>temporibus</span> <span class='ocrx_word' id='word_1_36' title='bbox 643 1029 789 1095; x_wconf 85' lang='lat' dir='ltr'>fortasse</span> <span class='ocrx_word' id='word_1_37' title='bbox 821 1047 862 1094; x_wconf 88' lang='lat' dir='ltr'>ex</span> <span class='ocrx_word' id='word_1_38' title='bbox 890 1028 1024 1124; x_wconf 75' lang='lat' dir='ltr'>Crateri</span> <span class='ocrx_word' id='word_1_39' title='bbox 1047 1030 1177 1114; x_wconf 81' lang='lat' dir='ltr'>sylloge</span> <span class='ocrx_word' id='word_1_40' title='bbox 1199 1031 1254 1099; x_wconf 88' lang='lat' dir='ltr'>vel</span> <span class='ocrx_word' id='word_1_41' title='bbox 1277 1051 1319 1097; x_wconf 88' lang='lat' dir='ltr'>ex</span> 
     </span>
     <span class='ocr_line' id='line_1_8' title="bbox 191 1127 1317 1221; baseline 0.003 -19"><span class='ocrx_word' id='word_1_42' title='bbox 191 1133 319 1203; x_wconf 80' lang='lat' dir='ltr'>melreo</span> <span class='ocrx_word' id='word_1_43' title='bbox 348 1136 433 1203; x_wconf 91' lang='lat' dir='ltr'>scire</span> <span class='ocrx_word' id='word_1_44' title='bbox 461 1140 606 1220; x_wconf 85' lang='lat' dir='ltr'>poterat.</span> <span class='ocrx_word' id='word_1_45' title='bbox 651 1136 754 1203; x_wconf 91' lang='lat' dir='ltr'>Porro</span> <span class='ocrx_word' id='word_1_46' title='bbox 783 1127 964 1203; x_wconf 82' lang='lat' dir='ltr'>difficultas</span> <span class='ocrx_word' id='word_1_47' title='bbox 988 1136 1078 1204; x_wconf 88' lang='lat' dir='ltr'>inest</span> <span class='ocrx_word' id='word_1_48' title='bbox 1100 1137 1133 1204; x_wconf 91' lang='lat' dir='ltr'>in</span> <span class='ocrx_word' id='word_1_49' title='bbox 1158 1139 1317 1221; x_wconf 89' lang='lat' dir='ltr'>pecuniae</span> 
     </span>
     <span class='ocr_line' id='line_1_9' title="bbox 188 1242 1315 1328; baseline 0.004 -18"><span class='ocrx_word' id='word_1_50' title='bbox 188 1243 433 1328; x_wconf 88' lang='lat' dir='ltr'>magnitudine,</span> <span class='ocrx_word' id='word_1_51' title='bbox 462 1263 546 1325; x_wconf 86' lang='lat' dir='ltr'>cuae</span> <span class='ocrx_word' id='word_1_52' title='bbox 573 1242 735 1310; x_wconf 86' lang='lat' dir='ltr'>nostratis</span> <span class='ocrx_word' id='word_1_53' title='bbox 758 1243 879 1309; x_wconf 91' lang='lat' dir='ltr'>nummi</span> <span class='ocrx_word' id='word_1_54' title='bbox 904 1244 1082 1312; x_wconf 86' lang='lat' dir='ltr'>secundum</span> <span class='ocrx_word' id='word_1_55' title='bbox 1106 1243 1315 1328; x_wconf 66' lang='lat' dir='ltr'>t&#39;uroiumn</span> 
     </span>
     <span class='ocr_line' id='line_1_10' title="bbox 190 1339 1317 1434; baseline 0.002 -16"><span class='ocrx_word' id='word_1_56' title='bbox 190 1370 325 1418; x_wconf 85' lang='lat' dir='ltr'>marcas</span> <span class='ocrx_word' id='word_1_57' title='bbox 350 1357 458 1414; x_wconf 84' lang='lat'>47100</span> <span class='ocrx_word' id='word_1_58' title='bbox 484 1350 597 1434; x_wconf 84' lang='lat' dir='ltr'>efficit,</span> <span class='ocrx_word' id='word_1_59' title='bbox 620 1369 726 1432; x_wconf 86' lang='lat' dir='ltr'>noque</span> <span class='ocrx_word' id='word_1_60' title='bbox 751 1351 837 1418; x_wconf 88' lang='lat' dir='ltr'>satis</span> <span class='ocrx_word' id='word_1_61' title='bbox 860 1346 1024 1434; x_wconf 84' lang='lat' dir='ltr'>apparet,-</span> <span class='ocrx_word' id='word_1_62' title='bbox 1043 1339 1101 1418; x_wconf 89' lang='lat' dir='ltr'>cur</span> <span class='ocrx_word' id='word_1_63' title='bbox 1125 1352 1317 1420; x_wconf 86' lang='lat' dir='ltr'>Herodotus</span> 
     </span>
     <span class='ocr_line' id='line_1_11' title="bbox 189 1457 1317 1545; baseline -0.003 -17"><span class='ocrx_word' id='word_1_64' title='bbox 189 1462 305 1528; x_wconf 90' lang='lat' dir='ltr'>decem</span> <span class='ocrx_word' id='word_1_65' title='bbox 329 1459 463 1526; x_wconf 86' lang='lat' dir='ltr'>talenta</span> <span class='ocrx_word' id='word_1_66' title='bbox 487 1458 664 1540; x_wconf 85' lang='lat' dir='ltr'>acceperit.</span> <span class='ocrx_word' id='word_1_67' title='bbox 712 1458 766 1523; x_wconf 90' lang='lat' dir='ltr'>Ad</span> <span class='ocrx_word' id='word_1_68' title='bbox 791 1457 1007 1524; x_wconf 89' lang='lat' dir='ltr'>mutationem</span> <span class='ocrx_word' id='word_1_69' title='bbox 1030 1463 1144 1542; x_wconf 81' lang='lat' dir='ltr'>textus</span> <span class='ocrx_word' id='word_1_70' title='bbox 1168 1460 1317 1545; x_wconf 82' lang='lat' dir='ltr'>confugit</span> 
     </span>
     <span class='ocr_line' id='line_1_12' title="bbox 186 1565 1317 1660; baseline -0.001 -24"><span class='ocrx_word' id='word_1_71' title='bbox 186 1565 423 1660; x_wconf 82' lang='lat' dir='ltr'>Hauvettius</span> <span class='ocrx_word' id='word_1_72' title='bbox 444 1585 518 1650; x_wconf 90' lang='lat' dir='ltr'>pag.</span> <span class='ocrx_word' id='word_1_73' title='bbox 536 1571 577 1630; x_wconf 87' lang='grc'>38</span> <span class='ocrx_word' id='word_1_74' title='bbox 602 1571 695 1632; x_wconf 86' lang='lat' dir='ltr'>ratus</span> <span class='ocrx_word' id='word_1_75' title='bbox 719 1585 777 1648; x_wconf 89' lang='lat' dir='ltr'>pro</span> <span class='ocrx_word' id='word_1_76' title='bbox 801 1565 829 1627; x_wconf 78' lang='grc' dir='ltr'>δ’</span> <span class='ocrx_word' id='word_1_77' title='bbox 852 1565 994 1632; x_wconf 90' lang='lat' dir='ltr'>scribam</span> <span class='ocrx_word' id='word_1_78' title='bbox 1017 1565 1141 1650; x_wconf 85' lang='lat' dir='ltr'>legisse</span> <span class='ocrx_word' id='word_1_79' title='bbox 1165 1572 1196 1643; x_wconf 84' lang='lat' dir='ltr'>A,</span> <span class='ocrx_word' id='word_1_80' title='bbox 1221 1573 1317 1650; x_wconf 91' lang='lat' dir='ltr'>quat·</span> 
     </span>
     <span class='ocr_line' id='line_1_13' title="bbox 187 1672 1317 1758; baseline -0.003 -14"><span class='ocrx_word' id='word_1_81' title='bbox 187 1683 269 1744; x_wconf 88' lang='lat' dir='ltr'>tuor</span> <span class='ocrx_word' id='word_1_82' title='bbox 291 1693 352 1757; x_wconf 90' lang='lat' dir='ltr'>pro</span> <span class='ocrx_word' id='word_1_83' title='bbox 373 1673 496 1740; x_wconf 89' lang='lat' dir='ltr'>decem.</span> <span class='ocrx_word' id='word_1_84' title='bbox 537 1672 601 1758; x_wconf 78' lang='lat' dir='ltr'>Qui</span> <span class='ocrx_word' id='word_1_85' title='bbox 618 1679 728 1739; x_wconf 90' lang='lat' dir='ltr'>antem</span> <span class='ocrx_word' id='word_1_86' title='bbox 746 1675 903 1755; x_wconf 86' lang='lat' dir='ltr'>quattuor</span> <span class='ocrx_word' id='word_1_87' title='bbox 918 1673 1051 1740; x_wconf 88' lang='lat' dir='ltr'>talenta</span> <span class='ocrx_word' id='word_1_88' title='bbox 1067 1674 1136 1757; x_wconf 86' lang='lat' dir='ltr'>dat,</span> <span class='ocrx_word' id='word_1_89' title='bbox 1158 1674 1188 1741; x_wconf 90' lang='lat' dir='ltr'>is</span> <span class='ocrx_word' id='word_1_90' title='bbox 1204 1680 1317 1757; x_wconf 91' lang='lat' dir='ltr'>potest</span> 
     </span>
     <span class='ocr_line' id='line_1_14' title="bbox 187 1780 695 1871; baseline -0.012 -20"><span class='ocrx_word' id='word_1_91' title='bbox 187 1783 292 1851; x_wconf 83' lang='lat' dir='ltr'>etiam</span> <span class='ocrx_word' id='word_1_92' title='bbox 317 1783 428 1848; x_wconf 91' lang='lat' dir='ltr'>decem</span> <span class='ocrx_word' id='word_1_93' title='bbox 452 1781 584 1871; x_wconf 86' lang='lat' dir='ltr'>talenta</span> <span class='ocrx_word' id='word_1_94' title='bbox 604 1780 695 1846; x_wconf 86' lang='lat' dir='ltr'>dare.</span> 
     </span>
    </p>

    <p class='ocr_par' dir='ltr' id='par_1_4' title="bbox 190 1887 1314 2294">
     <span class='ocr_line' id='line_1_15' title="bbox 270 1887 1313 1974; baseline 0.001 -18"><span class='ocrx_word' id='word_1_95' title='bbox 270 1889 357 1974; x_wconf 86' lang='lat' dir='ltr'>Age</span> <span class='ocrx_word' id='word_1_96' title='bbox 388 1907 467 1956; x_wconf 91' lang='lat' dir='ltr'>vero</span> <span class='ocrx_word' id='word_1_97' title='bbox 500 1907 619 1954; x_wconf 88' lang='lat' dir='ltr'>causas</span> <span class='ocrx_word' id='word_1_98' title='bbox 642 1887 781 1970; x_wconf 88' lang='lat' dir='ltr'>praemii</span> <span class='ocrx_word' id='word_1_99' title='bbox 804 1887 917 1956; x_wconf 87' lang='lat' dir='ltr'>varias</span> <span class='ocrx_word' id='word_1_100' title='bbox 942 1908 962 1954; x_wconf 91' lang='lat' dir='ltr'>a</span> <span class='ocrx_word' id='word_1_101' title='bbox 985 1887 1065 1956; x_wconf 85' lang='lat' dir='ltr'>viris</span> <span class='ocrx_word' id='word_1_102' title='bbox 1089 1888 1196 1956; x_wconf 89' lang='lat' dir='ltr'>doctis</span> <span class='ocrx_word' id='word_1_103' title='bbox 1220 1909 1313 1958; x_wconf 85' lang='lat' dir='ltr'>exco-</span> 
     </span>
     <span class='ocr_line' id='line_1_16' title="bbox 190 1993 1314 2085; baseline 0 -20"><span class='ocrx_word' id='word_1_104' title='bbox 190 2000 282 2085; x_wconf 86' lang='lat' dir='ltr'>gitas</span> <span class='ocrx_word' id='word_1_105' title='bbox 314 1995 622 2078; x_wconf 89' lang='lat' dir='ltr'>circumspiciamus.</span> <span class='ocrx_word' id='word_1_106' title='bbox 669 1993 874 2065; x_wconf 88' lang='lat' dir='ltr'>Anhaltius</span> <span class='ocrx_word' id='word_1_107' title='bbox 904 1995 1033 2077; x_wconf 88' lang='lat' dir='ltr'>quidem</span> <span class='ocrx_word' id='word_1_108' title='bbox 1056 1996 1090 2061; x_wconf 93' lang='lat' dir='ltr'>in</span> <span class='ocrx_word' id='word_1_109' title='bbox 1120 1998 1314 2079; x_wconf 83' lang='lat' dir='ltr'>quaestione</span> 
     </span>
     <span class='ocr_line' id='line_1_17' title="bbox 193 2101 1314 2186; baseline -0.001 -13"><span class='ocrx_word' id='word_1_110' title='bbox 193 2106 384 2184; x_wconf 78' lang='lat' dir='ltr'>Herodotca</span> <span class='ocrx_word' id='word_1_111' title='bbox 408 2106 519 2186; x_wconf 83' lang='grc'>(1884)</span> <span class='ocrx_word' id='word_1_112' title='bbox 543 2121 617 2186; x_wconf 88' lang='lat' dir='ltr'>pag.</span> <span class='ocrx_word' id='word_1_113' title='bbox 646 2110 684 2166; x_wconf 84' lang='lat'>15</span> <span class='ocrx_word' id='word_1_114' title='bbox 709 2101 792 2168; x_wconf 90' lang='lat' dir='ltr'>dicit</span> <span class='ocrx_word' id='word_1_115' title='bbox 816 2101 879 2169; x_wconf 91' lang='lat' dir='ltr'>sibi</span> <span class='ocrx_word' id='word_1_116' title='bbox 895 2121 1089 2185; x_wconf 79' lang='lat' dir='ltr'>persuasum</span> <span class='ocrx_word' id='word_1_117' title='bbox 1107 2123 1190 2186; x_wconf 89' lang='lat' dir='ltr'>esse,</span> <span class='ocrx_word' id='word_1_118' title='bbox 1209 2107 1314 2172; x_wconf 87' lang='lat' dir='ltr'>Athe-</span> 
     </span>
     <span class='ocr_line' id='line_1_18' title="bbox 197 2208 1314 2294; baseline -0.002 -16"><span class='ocrx_word' id='word_1_119' title='bbox 197 2213 324 2280; x_wconf 87' lang='lat' dir='ltr'>nienses</span> <span class='ocrx_word' id='word_1_120' title='bbox 337 2211 482 2281; x_wconf 90' lang='lat' dir='ltr'>voluisse</span> <span class='ocrx_word' id='word_1_121' title='bbox 494 2209 702 2277; x_wconf 88' lang='lat' dir='ltr'>Herodotum</span> <span class='ocrx_word' id='word_1_122' title='bbox 713 2209 748 2275; x_wconf 91' lang='lat' dir='ltr'>in</span> <span class='ocrx_word' id='word_1_123' title='bbox 759 2208 903 2293; x_wconf 89' lang='lat' dir='ltr'>ipsorum</span> <span class='ocrx_word' id='word_1_124' title='bbox 919 2212 1000 2277; x_wconf 89' lang='lat' dir='ltr'>urbe</span> <span class='ocrx_word' id='word_1_125' title='bbox 1016 2210 1171 2294; x_wconf 85' lang='lat' dir='ltr'>retinere,</span> <span class='ocrx_word' id='word_1_126' title='bbox 1189 2230 1227 2277; x_wconf 93' lang='lat' dir='ltr'>eo</span> <span class='ocrx_word' id='word_1_127' title='bbox 1239 2231 1314 2277; x_wconf 87' lang='lat' dir='ltr'>con·</span> 
     </span>
    </p>
   </div>
   <div class='ocr_carea' id='block_1_4' title="bbox 58 2317 1313 2404">
    <p class='ocr_par' dir='ltr' id='par_1_5' title="bbox 58 2317 1313 2404">
     <span class='ocr_line' id='line_1_19' title="bbox 58 2317 1313 2404; baseline -0.006 -16"><span class='ocrx_word' id='word_1_128' title='bbox 58 2327 65 2340; x_wconf 88' lang='lat'>&#39;</span> <span class='ocrx_word' id='word_1_129' title='bbox 190 2319 272 2404; x_wconf 88' lang='lat' dir='ltr'>silio,</span> <span class='ocrx_word' id='word_1_130' title='bbox 293 2323 332 2386; x_wconf 92' lang='lat' dir='ltr'>ut</span> <span class='ocrx_word' id='word_1_131' title='bbox 347 2318 505 2385; x_wconf 87' lang='lat' dir='ltr'>Athenae</span> <span class='ocrx_word' id='word_1_132' title='bbox 527 2317 612 2385; x_wconf 87' lang='lat' dir='ltr'>artis</span> <span class='ocrx_word' id='word_1_133' title='bbox 628 2317 809 2385; x_wconf 87' lang='lat' dir='ltr'>historicae</span> <span class='ocrx_word' id='word_1_134' title='bbox 825 2318 1028 2386; x_wconf 88' lang='lat' dir='ltr'>inventrices</span> <span class='ocrx_word' id='word_1_135' title='bbox 1045 2318 1313 2404; x_wconf 85' lang='lat' dir='ltr'>haberentur**).</span> 
     </span>
    </p>
   </div>
   <div class='ocr_carea' id='block_1_5' title="bbox 178 2421 1316 4122">
    <p class='ocr_par' dir='ltr' id='par_1_6' title="bbox 178 2421 1316 4122">
     <span class='ocr_line' id='line_1_20' title="bbox 190 2421 1313 2509; baseline -0.003 -13"><span class='ocrx_word' id='word_1_136' title='bbox 190 2427 240 2496; x_wconf 90' lang='lat' dir='ltr'>Ac</span> <span class='ocrx_word' id='word_1_137' title='bbox 264 2446 306 2495; x_wconf 92' lang='lat' dir='ltr'>ne</span> <span class='ocrx_word' id='word_1_138' title='bbox 328 2426 390 2492; x_wconf 91' lang='lat' dir='ltr'>hoc</span> <span class='ocrx_word' id='word_1_139' title='bbox 413 2425 544 2506; x_wconf 91' lang='lat' dir='ltr'>quidem</span> <span class='ocrx_word' id='word_1_140' title='bbox 564 2444 678 2492; x_wconf 89' lang='lat' dir='ltr'>verum</span> <span class='ocrx_word' id='word_1_141' title='bbox 702 2443 776 2490; x_wconf 86' lang='lat' dir='ltr'>esse</span> <span class='ocrx_word' id='word_1_142' title='bbox 797 2429 921 2509; x_wconf 87' lang='lat' dir='ltr'>potest,</span> <span class='ocrx_word' id='word_1_143' title='bbox 951 2425 1037 2506; x_wconf 90' lang='lat' dir='ltr'>quod</span> <span class='ocrx_word' id='word_1_144' title='bbox 1057 2421 1256 2493; x_wconf 87' lang='lat' dir='ltr'>Bachofius</span> <span class='ocrx_word' id='word_1_145' title='bbox 1280 2427 1313 2493; x_wconf 93' lang='lat' dir='ltr'>in</span> 
     </span>
     <span class='ocr_line' id='line_1_21' title="bbox 187 2530 1314 2618; baseline -0.002 -16"><span class='ocrx_word' id='word_1_146' title='bbox 187 2533 443 2618; x_wconf 86' lang='lat' dir='ltr'>quaestiuncula</span> <span class='ocrx_word' id='word_1_147' title='bbox 465 2532 660 2600; x_wconf 87' lang='lat' dir='ltr'>Herodotea</span> <span class='ocrx_word' id='word_1_148' title='bbox 681 2533 794 2616; x_wconf 84' lang='lat'>(1880)</span> <span class='ocrx_word' id='word_1_149' title='bbox 817 2550 893 2614; x_wconf 88' lang='lat' dir='ltr'>pag.</span> <span class='ocrx_word' id='word_1_150' title='bbox 923 2537 958 2594; x_wconf 82' lang='lat'>19</span> <span class='ocrx_word' id='word_1_151' title='bbox 981 2530 1080 2612; x_wconf 87' lang='lat' dir='ltr'>dixit,</span> <span class='ocrx_word' id='word_1_152' title='bbox 1109 2531 1183 2598; x_wconf 87' lang='lat' dir='ltr'>idac</span> <span class='ocrx_word' id='word_1_153' title='bbox 1206 2532 1314 2600; x_wconf 91' lang='lat' dir='ltr'>Athe-</span> 
     </span>
     <span class='ocr_line' id='line_1_22' title="bbox 181 2638 1315 2725; baseline -0.002 -15"><span class='ocrx_word' id='word_1_154' title='bbox 181 2644 321 2710; x_wconf 83' lang='lat' dir='ltr'>nienses</span> <span class='ocrx_word' id='word_1_155' title='bbox 337 2641 511 2708; x_wconf 87' lang='lat' dir='ltr'>Herodoto</span> <span class='ocrx_word' id='word_1_156' title='bbox 527 2640 697 2725; x_wconf 86' lang='lat' dir='ltr'>ingentem</span> <span class='ocrx_word' id='word_1_157' title='bbox 713 2639 806 2705; x_wconf 88' lang='lat' dir='ltr'>illam</span> <span class='ocrx_word' id='word_1_158' title='bbox 821 2638 994 2721; x_wconf 90' lang='lat' dir='ltr'>pecuniam</span> <span class='ocrx_word' id='word_1_159' title='bbox 1011 2640 1208 2723; x_wconf 85' lang='lat' dir='ltr'>decrevisse,</span> <span class='ocrx_word' id='word_1_160' title='bbox 1230 2647 1268 2708; x_wconf 87' lang='lat' dir='ltr'>ut</span> <span class='ocrx_word' id='word_1_161' title='bbox 1285 2641 1315 2708; x_wconf 94' lang='lat' dir='ltr'>ei</span> 
     </span>
     <span class='ocr_line' id='line_1_23' title="bbox 181 2745 1313 2832; baseline -0.003 -14"><span class='ocrx_word' id='word_1_162' title='bbox 181 2751 371 2818; x_wconf 81' lang='lat' dir='ltr'>facultates</span> <span class='ocrx_word' id='word_1_163' title='bbox 383 2748 540 2815; x_wconf 89' lang='lat' dir='ltr'>itinerum</span> <span class='ocrx_word' id='word_1_164' title='bbox 553 2747 826 2814; x_wconf 86' lang='lat' dir='ltr'>conficiendorum</span> <span class='ocrx_word' id='word_1_165' title='bbox 835 2745 1007 2829; x_wconf 85' lang='lat' dir='ltr'>operisque</span> <span class='ocrx_word' id='word_1_166' title='bbox 1016 2748 1211 2815; x_wconf 89' lang='lat' dir='ltr'>absolvendi</span> <span class='ocrx_word' id='word_1_167' title='bbox 1219 2769 1313 2832; x_wconf 87' lang='lat' dir='ltr'>prae-</span> 
     </span>
     <span class='ocr_line' id='line_1_24' title="bbox 178 2853 1315 2938; baseline -0.003 -12"><span class='ocrx_word' id='word_1_168' title='bbox 178 2861 314 2935; x_wconf 85' lang='lat' dir='ltr'>herent,</span> <span class='ocrx_word' id='word_1_169' title='bbox 348 2855 494 2922; x_wconf 89' lang='lat' dir='ltr'>curiosos</span> <span class='ocrx_word' id='word_1_170' title='bbox 525 2855 656 2921; x_wconf 89' lang='lat' dir='ltr'>scilicet</span> <span class='ocrx_word' id='word_1_171' title='bbox 686 2854 796 2921; x_wconf 83' lang='lat' dir='ltr'>famae</span> <span class='ocrx_word' id='word_1_172' title='bbox 828 2853 915 2937; x_wconf 88' lang='lat' dir='ltr'>apud</span> <span class='ocrx_word' id='word_1_173' title='bbox 946 2861 1100 2935; x_wconf 87' lang='lat' dir='ltr'>posteros</span> <span class='ocrx_word' id='word_1_174' title='bbox 1129 2857 1195 2922; x_wconf 88' lang='lat' dir='ltr'>isto</span> <span class='ocrx_word' id='word_1_175' title='bbox 1219 2876 1315 2938; x_wconf 87' lang='lat' dir='ltr'>prae·</span> 
     </span>
     <span class='ocr_line' id='line_1_25' title="bbox 182 2960 1314 3047; baseline -0.004 -15"><span class='ocrx_word' id='word_1_176' title='bbox 182 2965 280 3034; x_wconf 91' lang='lat' dir='ltr'>conio</span> <span class='ocrx_word' id='word_1_177' title='bbox 313 2963 560 3047; x_wconf 86' lang='lat' dir='ltr'>adipiscendae.</span> <span class='ocrx_word' id='word_1_178' title='bbox 607 2964 658 3028; x_wconf 91' lang='lat' dir='ltr'>At</span> <span class='ocrx_word' id='word_1_179' title='bbox 679 2960 919 3047; x_wconf 85' lang='lat' dir='ltr'>Znuhorgius</span> <span class='ocrx_word' id='word_1_180' title='bbox 937 2961 1138 3028; x_wconf 89' lang='lat' dir='ltr'>Rundschau</span> <span class='ocrx_word' id='word_1_181' title='bbox 1157 2964 1176 3028; x_wconf 96' lang='grc' dir='ltr'>Ι</span> <span class='ocrx_word' id='word_1_182' title='bbox 1201 2969 1314 3043; x_wconf 82' lang='grc'>(1881)</span> 
     </span>
     <span class='ocr_line' id='line_1_26' title="bbox 184 3068 1313 3157; baseline -0.002 -18"><span class='ocrx_word' id='word_1_183' title='bbox 184 3093 263 3157; x_wconf 85' lang='lat' dir='ltr'>pag.</span> <span class='ocrx_word' id='word_1_184' title='bbox 300 3077 363 3135; x_wconf 78' lang='grc'>2411</span> <span class='ocrx_word' id='word_1_185' title='bbox 395 3072 479 3137; x_wconf 88' lang='lat' dir='ltr'>bene</span> <span class='ocrx_word' id='word_1_186' title='bbox 509 3070 636 3136; x_wconf 89' lang='lat' dir='ltr'>monuit</span> <span class='ocrx_word' id='word_1_187' title='bbox 668 3068 827 3136; x_wconf 86' lang='lat' dir='ltr'>eiusmodi</span> <span class='ocrx_word' id='word_1_188' title='bbox 859 3069 1024 3151; x_wconf 90' lang='lat' dir='ltr'>publicum</span> <span class='ocrx_word' id='word_1_189' title='bbox 1055 3069 1236 3135; x_wconf 88' lang='lat' dir='ltr'>subsidium</span> <span class='ocrx_word' id='word_1_190' title='bbox 1271 3074 1313 3138; x_wconf 89' lang='lat' dir='ltr'>ab</span> 
     </span>
     <span class='ocr_line' id='line_1_27' title="bbox 184 3176 1312 3265; baseline -0.004 -16"><span class='ocrx_word' id='word_1_191' title='bbox 184 3178 323 3265; x_wconf 89' lang='lat' dir='ltr'>ingenio</span> <span class='ocrx_word' id='word_1_192' title='bbox 349 3186 384 3249; x_wconf 92' lang='lat' dir='ltr'>et</span> <span class='ocrx_word' id='word_1_193' title='bbox 406 3178 550 3250; x_wconf 84' lang='lat' dir='ltr'>moribus</span> <span class='ocrx_word' id='word_1_194' title='bbox 574 3178 663 3244; x_wconf 90' lang='lat' dir='ltr'>illius</span> <span class='ocrx_word' id='word_1_195' title='bbox 686 3176 900 3259; x_wconf 87' lang='lat' dir='ltr'>tempestatis</span> <span class='ocrx_word' id='word_1_196' title='bbox 924 3177 1110 3242; x_wconf 88' lang='lat' dir='ltr'>abhorrere.</span> <span class='ocrx_word' id='word_1_197' title='bbox 1157 3177 1312 3244; x_wconf 80' lang='grc'>11111111-</span> 
     </span>
     <span class='ocr_line' id='line_1_28' title="bbox 186 3283 1314 3372; baseline -0.002 -18"><span class='ocrx_word' id='word_1_198' title='bbox 186 3287 327 3354; x_wconf 84' lang='lat' dir='ltr'>cendum</span> <span class='ocrx_word' id='word_1_199' title='bbox 352 3286 407 3352; x_wconf 89' lang='lat' dir='ltr'>est</span> <span class='ocrx_word' id='word_1_200' title='bbox 432 3289 549 3352; x_wconf 90' lang='lat' dir='ltr'>contra</span> <span class='ocrx_word' id='word_1_201' title='bbox 564 3283 766 3372; x_wconf 85' lang='lat' dir='ltr'>&#39;lleyeuum</span> <span class='ocrx_word' id='word_1_202' title='bbox 791 3283 996 3367; x_wconf 87' lang='lat' dir='ltr'>cogitantem</span> <span class='ocrx_word' id='word_1_203' title='bbox 1013 3287 1161 3364; x_wconf 91' lang='lat' dir='ltr'>sumptus</span> <span class='ocrx_word' id='word_1_204' title='bbox 1179 3303 1314 3368; x_wconf 87' lang='lat' dir='ltr'>magnos</span> 
     </span>
     <span class='ocr_line' id='line_1_29' title="bbox 181 3390 1314 3474; baseline -0.004 -13"><span class='ocrx_word' id='word_1_205' title='bbox 181 3396 343 3461; x_wconf 89' lang='lat' dir='ltr'>itinerum</span> <span class='ocrx_word' id='word_1_206' title='bbox 374 3394 547 3459; x_wconf 90' lang='lat' dir='ltr'>Herodoto</span> <span class='ocrx_word' id='word_1_207' title='bbox 578 3394 641 3458; x_wconf 90' lang='lat' dir='ltr'>hac</span> <span class='ocrx_word' id='word_1_208' title='bbox 672 3390 813 3474; x_wconf 91' lang='lat' dir='ltr'>pecunia</span> <span class='ocrx_word' id='word_1_209' title='bbox 844 3390 1020 3457; x_wconf 88' lang='lat' dir='ltr'>restitutos</span> <span class='ocrx_word' id='word_1_210' title='bbox 1052 3409 1135 3456; x_wconf 89' lang='lat' dir='ltr'>esse.</span> <span class='ocrx_word' id='word_1_211' title='bbox 1182 3391 1314 3458; x_wconf 88' lang='lat' dir='ltr'>Deinde</span> 
     </span>
     <span class='ocr_line' id='line_1_30' title="bbox 183 3498 1315 3584; baseline -0.002 -16"><span class='ocrx_word' id='word_1_212' title='bbox 183 3502 276 3584; x_wconf 89' lang='lat' dir='ltr'>quod</span> <span class='ocrx_word' id='word_1_213' title='bbox 298 3501 434 3567; x_wconf 90' lang='lat' dir='ltr'>laudato</span> <span class='ocrx_word' id='word_1_214' title='bbox 464 3500 497 3566; x_wconf 92' lang='lat' dir='ltr'>in</span> <span class='ocrx_word' id='word_1_215' title='bbox 530 3501 617 3565; x_wconf 90' lang='lat' dir='ltr'>hanc</span> <span class='ocrx_word' id='word_1_216' title='bbox 647 3517 716 3565; x_wconf 88' lang='lat' dir='ltr'>rem</span> <span class='ocrx_word' id='word_1_217' title='bbox 748 3498 897 3564; x_wconf 88' lang='lat' dir='ltr'>sollemni</span> <span class='ocrx_word' id='word_1_218' title='bbox 920 3517 981 3565; x_wconf 91' lang='lat' dir='ltr'>usu</span> <span class='ocrx_word' id='word_1_219' title='bbox 1004 3498 1177 3564; x_wconf 88' lang='lat' dir='ltr'>titulorum</span> <span class='ocrx_word' id='word_1_220' title='bbox 1207 3499 1315 3566; x_wconf 88' lang='lat' dir='ltr'>Hero·</span> 
     </span>
     <span class='ocr_line' id='line_1_31' title="bbox 183 3605 1316 3690; baseline -0.002 -14"><span class='ocrx_word' id='word_1_221' title='bbox 183 3611 300 3676; x_wconf 89' lang='lat' dir='ltr'>dotum</span> <span class='ocrx_word' id='word_1_222' title='bbox 335 3607 367 3675; x_wconf 93' lang='lat' dir='ltr'>in</span> <span class='ocrx_word' id='word_1_223' title='bbox 407 3607 540 3674; x_wconf 89' lang='lat' dir='ltr'>decreto</span> <span class='ocrx_word' id='word_1_224' title='bbox 578 3606 683 3690; x_wconf 85' lang='lat' dir='ltr'>Anyti</span> <span class='ocrx_word' id='word_1_225' title='bbox 719 3605 843 3681; x_wconf 78' lang='grc' dir='ltr'><strong><em>εὐνοίας</em></strong></span> <span class='ocrx_word' id='word_1_226' title='bbox 883 3605 972 3668; x_wconf 67' lang='grc' dir='ltr'><strong><em>ἕνεκα</em></strong></span> <span class='ocrx_word' id='word_1_227' title='bbox 1008 3605 1203 3674; x_wconf 89' lang='lat' dir='ltr'>honoratum</span> <span class='ocrx_word' id='word_1_228' title='bbox 1241 3626 1316 3674; x_wconf 88' lang='grc'>1111</span> 
     </span>
     <span class='ocr_line' id='line_1_32' title="bbox 183 3711 1315 3799; baseline -0.003 -16"><span class='ocrx_word' id='word_1_229' title='bbox 183 3717 371 3799; x_wconf 84' lang='lat' dir='ltr'>existimat,</span> <span class='ocrx_word' id='word_1_230' title='bbox 395 3716 481 3782; x_wconf 89' lang='lat' dir='ltr'>haud</span> <span class='ocrx_word' id='word_1_231' title='bbox 507 3714 575 3780; x_wconf 90' lang='lat' dir='ltr'>scio</span> <span class='ocrx_word' id='word_1_232' title='bbox 592 3733 635 3780; x_wconf 91' lang='lat' dir='ltr'>an</span> <span class='ocrx_word' id='word_1_233' title='bbox 650 3713 705 3779; x_wconf 90' lang='lat' dir='ltr'>hic</span> <span class='ocrx_word' id='word_1_234' title='bbox 720 3731 798 3778; x_wconf 90' lang='lat' dir='ltr'>usus</span> <span class='ocrx_word' id='word_1_235' title='bbox 814 3711 925 3795; x_wconf 90' lang='lat' dir='ltr'>potius</span> <span class='ocrx_word' id='word_1_236' title='bbox 943 3713 1069 3779; x_wconf 88' lang='lat' dir='ltr'>saeculi</span> <span class='ocrx_word' id='word_1_237' title='bbox 1092 3714 1202 3795; x_wconf 83' lang='lat' dir='ltr'>quarti</span> <span class='ocrx_word' id='word_1_238' title='bbox 1219 3734 1315 3794; x_wconf 88' lang='lat' dir='ltr'>quam</span> 
     </span>
     <span class='ocr_line' id='line_1_33' title="bbox 183 3819 1314 3907; baseline -0.002 -17"><span class='ocrx_word' id='word_1_239' title='bbox 183 3824 295 3907; x_wconf 87' lang='lat' dir='ltr'>quinti</span> <span class='ocrx_word' id='word_1_240' title='bbox 324 3823 378 3890; x_wconf 86' lang='lat' dir='ltr'>sit.</span> <span class='ocrx_word' id='word_1_241' title='bbox 426 3823 508 3889; x_wconf 75' lang='lat' dir='ltr'>Tum</span> <span class='ocrx_word' id='word_1_242' title='bbox 537 3823 692 3904; x_wconf 86' lang='lat' dir='ltr'>Meyerus</span> <span class='ocrx_word' id='word_1_243' title='bbox 720 3819 927 3886; x_wconf 86' lang='lat' dir='ltr'>Herodotum</span> <span class='ocrx_word' id='word_1_244' title='bbox 958 3822 1097 3903; x_wconf 89' lang='lat' dir='ltr'>publicis</span> <span class='ocrx_word' id='word_1_245' title='bbox 1121 3820 1314 3901; x_wconf 88' lang='lat' dir='ltr'>quibusdam</span> 
     </span>
     <span class='ocr_line' id='line_1_34' title="bbox 182 3927 1311 4010; baseline -0.003 -13"><span class='ocrx_word' id='word_1_246' title='bbox 182 3931 305 3997; x_wconf 86' lang='lat' dir='ltr'>ol&#39;ficiis</span> <span class='ocrx_word' id='word_1_247' title='bbox 335 3930 462 3998; x_wconf 91' lang='lat' dir='ltr'>animos</span> <span class='ocrx_word' id='word_1_248' title='bbox 487 3929 744 3996; x_wconf 88' lang='lat' dir='ltr'>Atheniensium</span> <span class='ocrx_word' id='word_1_249' title='bbox 773 3929 837 3995; x_wconf 90' lang='lat' dir='ltr'>sibi</span> <span class='ocrx_word' id='word_1_250' title='bbox 862 3928 1091 3995; x_wconf 88' lang='lat' dir='ltr'>conciliavisse</span> <span class='ocrx_word' id='word_1_251' title='bbox 1114 3927 1311 4010; x_wconf 87' lang='lat' dir='ltr'>suspicatur,</span> 
     </span>
     <span class='ocr_line' id='line_1_35' title="bbox 181 4033 1301 4122; baseline -0.008 -15"><span class='ocrx_word' id='word_1_252' title='bbox 181 4039 391 4120; x_wconf 86' lang='lat' dir='ltr'>similemque</span> <span class='ocrx_word' id='word_1_253' title='bbox 419 4038 505 4106; x_wconf 86' lang='lat' dir='ltr'>viam</span> <span class='ocrx_word' id='word_1_254' title='bbox 535 4037 705 4119; x_wconf 85' lang='lat' dir='ltr'>ingressus</span> <span class='ocrx_word' id='word_1_255' title='bbox 728 4033 1105 4104; x_wconf 78' lang='lat' dir='ltr'>HolmirusGr.Gescl1</span> <span class='ocrx_word' id='word_1_256' title='bbox 1133 4035 1171 4099; x_wconf 88' lang='lat' dir='ltr'>H</span> <span class='ocrx_word' id='word_1_257' title='bbox 1188 4034 1301 4122; x_wconf 79' lang='lat'><em>(1889)</em></span> 
     </span>
    </p>
   </div>
   <div class='ocr_carea' id='block_1_6' title="bbox 185 4149 940 4340">
    <p class='ocr_par' dir='ltr' id='par_1_7' title="bbox 185 4149 940 4340">
     <span class='ocr_line' id='line_1_36' title="bbox 185 4149 884 4246; baseline 0.019 -19"><span class='ocrx_word' id='word_1_258' title='bbox 185 4149 433 4244; x_wconf 61' lang='grc' dir='ltr'>”’”“ῖ)“ῐ1ἶῑῖ11.</span> <span class='ocrx_word' id='word_1_259' title='bbox 454 4179 549 4234; x_wconf 66' lang='lat' dir='ltr'>sesan.</span> <span class='ocrx_word' id='word_1_260' title='bbox 570 4178 884 4246; x_wconf 69' lang='grc'>1111191111118.</span> 
     </span>
     <span class='ocr_line' id='line_1_37' title="bbox 265 4267 940 4340; baseline 0.001 -16"><span class='ocrx_word' id='word_1_261' title='bbox 265 4269 305 4340; x_wconf 84' lang='lat'>**)</span> <span class='ocrx_word' id='word_1_262' title='bbox 324 4269 435 4326; x_wconf 83' lang='lat' dir='ltr'>Sltnlar</span> <span class='ocrx_word' id='word_1_263' title='bbox 453 4267 621 4322; x_wconf 88' lang='lat' dir='ltr'>Rundschau</span> <span class='ocrx_word' id='word_1_264' title='bbox 639 4267 664 4321; x_wconf 88' lang='lat' dir='ltr'><strong>V</strong></span> <span class='ocrx_word' id='word_1_265' title='bbox 685 4269 778 4337; x_wconf 78' lang='lat'>(1885)</span> <span class='ocrx_word' id='word_1_266' title='bbox 801 4282 865 4334; x_wconf 82' lang='lat' dir='ltr'>pag.</span> <span class='ocrx_word' id='word_1_267' title='bbox 878 4268 940 4322; x_wconf 84' lang='lat'>809.</span> 
     </span>
    </p>
   </div>
   <div class='ocr_carea' id='block_1_7' title="bbox 0 0 1623 4938">
    <p class='ocr_par' dir='ltr' id='par_1_8' title="bbox 0 0 1623 4938">
     <span class='ocr_line' id='line_1_38' title="bbox 0 0 1623 4938; baseline 0 0"><span class='ocrx_word' id='word_1_268' title='bbox 0 0 1623 4938; x_wconf 95' lang='lat' dir='ltr'> </span> 
     </span>
    </p>
   </div>
  </div>
 </body>
</html>
