3232 4938
779 423 991 482 ..26-

323 597 410 663 cueil
434 595 493 662 des
518 597 615 665 iuscr.
642 596 826 681 iuridiques
849 615 1016 680 grocques.
1062 597 1161 671 Paris
1184 599 1298 682 (1891)
1321 616 1397 681 pag.
1422 605 1437 658 1

324 703 399 770 Hos
433 702 517 770 adde
557 701 714 773 Busolto
749 703 809 772 or.
842 703 964 772 Gesch.
994 704 1028 769 Ι2
1059 707 1174 787 (1893)
1206 723 1272 788 pag
1304 709 1377 787 363,
1412 711 1440 768 1.

324 807 538 896 Costanzi*)
563 809 672 877 omniu
696 810 852 878 confudit.
900 810 1044 877 Bursian
1069 817 1107 876 71
1134 811 1249 896 (1891)
1273 829 1347 894 pag.
1367 815 1439 877 167.

414 917 586 1002 Quatenus
625 919 747 985 ceteris
782 920 880 985 rebus
911 918 1049 985 Duridis
1081 937 1181 1002 opera
1211 918 1245 985 in
1278 919 1441 986 Herodoti

325 1023 397 1091 1111
428 1025 616 1108 effingenda
648 1025 945 1092 circumscribendo
976 1031 1075 1108 esset,
1107 1025 1191 1092 satis
1222 1025 1354 1107 assequi
1376 1045 1441 1092 uon

323 1132 414 1214 potui
471 1135 642 1216 Attamen,
668 1133 763 1214 siqua
787 1132 863 1215 alia,
887 1132 1001 1198 fabula
1017 1132 1076 1197 illa
1092 1133 1133 1199 de
1150 1133 1248 1200 Samo
1268 1133 1440 1216 Peripate·

322 1237 382 1303 tici
405 1239 595 1322 philosophi
621 1238 741 1318 λύχνου
765 1235 837 1316 ὄζει,
863 1257 928 1321 qua
951 1245 1108 1305 narratur
1134 1240 1326 1306 Herodotus
1350 1238 1439 1308 Sami

241 1333 242 1338 ’
320 1345 474 1414 Jonicam
498 1347 676 1415 dialectum
700 1347 864 1430 didicisse,
887 1365 952 1428 qua
975 1345 1105 1427 quidem
1128 1348 1170 1413 ah
1193 1347 1267 1430 ipsa
1290 1345 1433 1430 pueritia

323 1472 394 1518 cum
420 1458 528 1520 matre
551 1456 586 1520 in
608 1453 721 1537 patria
744 1453 990 1521 Halicarnasso
1014 1473 1091 1520 usus
1115 1461 1199 1522 erat.

412 1561 522 1630 Venio
558 1580 644 1628 nunc
680 1562 723 1629 ed
753 1561 961 1628 Herodotum
994 1561 1139 1628 Athenis
1175 1566 1437 1640 commorantem,

323 1667 379 1733 ubi
402 1667 437 1734 in
460 1668 606 1752 eleganti
630 1668 796 1734 fautorum
820 1669 1061 1751 amicorumque
1076 1669 1197 1737 circulo
1215 1689 1286 1738 cum
1301 1669 1439 1752 Pericle,

323 1775 456 1857 Phidia,
488 1775 708 1858 Hippodamo,
740 1777 922 1859 Lampone,
955 1778 1103 1850 Melone,
1135 1776 1350 1860 Anaxagora,
1381 1775 1439 1844 So-

322 1883 439 1964 phocle
470 1883 639 1950 artissimo
670 1883 802 1952 vinculo
833 1883 1026 1952 coniunctus
1056 1890 1185 1968 partem
1215 1885 1307 1953 11111
1338 1885 1439 1967 degit.

322 1989 373 2055 Of.
409 1987 655 2060 Wachsmuth
679 1992 873 2076 illnleitung
901 2011 975 2076 pag.
1007 1996 1081 2074 512,
1106 1989 1255 2062 Oroiset
1278 1992 1345 2057 hist
1372 1991 1440 2060 litt.

316 2097 380 2190 ,(11.
411 2098 457 2174 Π,
492 2102 571 2161 567:
605 2100 657 2175 „Il
689 2104 811 2165 connut
841 2101 874 2166 la
905 2100 1040 2181 plnpart
1071 2099 1129 2164 des
1161 2098 1284 2181 grands
1308 2095 1450 2181 1111111,-

323 2205 403 2271 111111
432 2206 466 2271 11
488 2205 624 2273 reunion
649 2205 765 2273 fuissit
789 2208 876 2272 alors
901 2206 1086 2273 d’Athenes
1110 2207 1142 2272 11
1166 2210 1280 2272 centre
1304 2206 1444 2272 brillant

323 2313 364 2380 de
386 2311 641 2380 l’hellenismel.

410 2420 523 2504 Spirat
539 2423 732 2490 Herodotus
755 2421 934 2488 amicitiam
958 2429 992 2486 11
1016 2420 1163 2486 favorem
1180 2438 1239 2503 pro
1254 2439 1290 2486 11
1307 2420 1444 2503 publica

320 2528 574 2602 Atheniensium
598 2535 766 2610 totumque
791 2549 870 2610 opus
887 2527 1041 2594 Atticum
1058 2527 1255 2594 domicilium
1279 2533 1441 2594 testatur.

408 2634 589 2701 Notissima
620 2643 674 2702 est
704 2635 869 2701 Herodoti
907 2634 1055 2702 amicitia
1091 2654 1162 2701 1111
1195 2635 1365 2718 Sophocle,
1400 2637 1442 2703 dc

320 2762 385 2824 qua
409 2742 486 2824 quid
510 2743 664 2825 sentiam,
688 2743 791 2809 liceat
814 2742 893 2808 mihi
918 2740 1057 2825 aperire,
1080 2741 1140 2809 sed
1162 2741 1287 2824 paucis.
1327 2821 1329 2824 ,

409 2849 521 2916 Τ11111
556 2855 608 2916 111
640 2851 840 2917 Plutarchus
866 2851 923 2937 (an
948 2850 1018 2916 seni
1043 2851 1076 2932 3)
1100 2850 1133 2919 V
1156 2848 1271 2934 (1893)
1295 2869 1371 2933 pag.
1398 2855 1439 2914 26

321 2957 375 3022 ed,
403 2954 677 3026 Bernardakis.
725 2957 775 3024 Of.
809 2954 939 3043 Bergk
969 2958 1007 3022 P.
1044 2956 1124 3040 Lyr.
1158 2955 1200 3026 G.
1231 2954 1292 3022 ΙΙ4
1325 2960 1438 3039 (1882)

318 3082 394 3147 pag.
437 3069 500 3128 245
536 3062 809 3150 Bergk-Hiller
843 3064 980 3131 anthol.
1018 3063 1077 3146 lyr.
1120 3063 1233 3151 (1890)
1265 3067 1436 3147 pag..124

319 3168 427 3250 Ὠιδὴν
448 3168 611 3255 Ἡροδότῳ
635 3174 743 3251 τεῦξεν
766 3178 934 3251 Σοφοκλῆς
955 3172 1052 3234 ἐτέων
1075 3167 1122 3234 ὥν
1145 3166 1230 3234 πέντ’
1255 3171 1304 3234 ἐπὶ
1329 3169 1436 3249 πεντή-

318 3300 416 3341 κοντα
442 3326 448 3342 .
476 3326 483 3342 .
511 3328 518 3342 .

409 3385 515 3471 Quam
544 3385 641 3452 odam
669 3383 906 3455 Ribbechius
931 3386 964 3450 in
988 3386 1102 3453 schola
1118 3385 1262 3468 spuriam
1286 3404 1360 3452 esse
1383 3405 1439 3469 pu·

320 3492 424 3576 tavit,
461 3494 538 3574 quia
570 3513 675 3575 neque
712 3513 785 3562 cum
817 3494 990 3577 Sophoclis
1023 3495 1225 3576 temporibus
1258 3493 1442 3560 consociari

318 3605 441 3683 posset,
466 3619 571 3681 neque
596 3605 692 3667 aetas
717 3600 956 3692 quinquaginta
979 3600 1121 3682 quinque
1145 3621 1303 3674 annorum
1328 3620 1441 3669 senec·

318 3714 376 3774 tus
400 3714 500 3774 essct.

408 3817 491 3900 Tum
521 3815 616 3881 fidem
649 3815 743 3882 huius
775 3816 903 3898 elegiae
933 3815 1059 3898 minuit,
1083 3817 1169 3898 qnod
1192 3822 1306 3883 exstat
1329 3817 1439 3901 elegia

328 3931 422 4000 Ηλιος
450 3919 490 4005 ἦν
522 3925 564 3990 ab
595 3923 798 4008 Hieronymo
828 3921 957 3989 Rhodio
989 3923 1184 4007 excogitata
1212 3926 1247 3990 et
1269 3923 1356 3991 falso
1380 3924 1439 3992 So·

406 4190 429 4260 ⁶)
448 4189 581 4270 Ricarche
600 4205 633 4243 su
651 4190 749 4245 alcuna
770 4190 853 4259 punti
876 4189 1049 4245 controversi
1071 4188 1182 4245 intorno
1207 4191 1261 4246 alla
1279 4189 1340 4245 vita
1358 4206 1373 4247 1
1391 4191 1438 4246 all’

318 4294 401 4350 opera
420 4279 523 4334 storica
542 4278 569 4333 di
588 4279 709 4335 Erodoto
729 4282 806 4338 1891.
