3232 4938
646 463 864 520 ..21-

192 636 306 719 potius
338 635 615 700 renuntiationem
648 635 683 700 in
713 636 826 718 glossa
857 637 1003 718 spectari
1034 635 1156 718 opinor,
1187 638 1316 718 qualem

193 743 299 810 refert
326 741 516 809 Pausanias
547 747 574 825 7,
597 748 629 807 2:
661 738 895 822 ἀνηγορείοντο
923 740 1057 822 Δωριεὺς
1086 749 1136 806 καὶ
1167 744 1185 806 ὀ
1217 752 1316 808 Πεισί-

198 855 292 932 (sodor
314 849 452 930 θούριοι,

284 956 439 1024 Ooncidit
466 956 577 1041 igitur,
605 957 635 1023 si
657 975 731 1024 cum
754 959 888 1040 Meyero
913 958 1061 1040 facimus,
1090 959 1315 1027 testimonium

156 1088 158 1094 ·
195 1066 296 1148 ipsius
328 1064 494 1131 Herodoti
524 1064 565 1130 de
596 1064 708 1148 patria
743 1070 779 1132 et
809 1065 843 1130 in
875 1083 956 1133 voce
986 1062 1251 1147 ιΑλιααραασσέισς
1281 1068 1324 1136 in,

193 1171 361 1256 prooemio
384 1171 597 1255 interpolatio
622 1162 1038 1239 docta'Alexandrinorum
1055 1175 1235 1240 statuenda
1252 1182 1313 1241 est.

193 1279 311 1366 Neque
335 1284 449 1345 tamen
472 1279 555 1345 haec
579 1286 632 1345 est
656 1280 770 1346 eadem
794 1284 908 1346 textus
931 1280 1090 1364 recensio,
1119 1288 1158 1348 ut
1180 1283 1316 1365 Meyero

126 1412 131 1422 ·
192 1387 322 1470 placuit
354 1385 604 1471 (Forschungen
636 1407 712 1471 pag.
737 1389 822 1468 26η)
855 1406 953 1468 quam
981 1388 1015 1453 in
1037 1387 1179 1454 lectione
1203 1377 1316 1455 recen}

191 1494 280 1561 tiore
304 1493 387 1560 Hdt.
416 1500 444 1568 1,
469 1499 509 1558 57
536 1494 708 1575 uppetona
732 1514 790 1577 pro
815 1493 970 1575 Κρότωνα
995 1495 1314 1584 deprehendimus*).

191 1603 281 1669 Nam
312 1602 404 1667 illem
435 1601 558 1682 Theon,
591 1602 647 1683 qui
680 1601 847 1669 Oiceronis
878 1601 947 1667 iere
979 1602 1131 1684 aequalis
1163 1608 1250 1682 erat,
1282 1604 1315 1670 in

195 1707 374 1791 exemplari
408 1708 636 1775 Alexandrino
672 1709 836 1776 Herodoti
866 1709 959 1792 legit,
991 1708 1173 1792 Dionysius
1205 1719 1316 1777 autem

194 1815 342 1900 Augusti
364 1819 568 1899 temporibus
591 1817 716 1884 Romae
740 1835 853 1884 veram
873 1817 1047 1884 lectionem
1066 1818 1221 1898 Κρότωνα
1237 1825 1316 1884 ante

195 1925 307 1991 oculos
331 1923 457 1990 habuit.
506 1923 629 1990 Confer
643 1922 928 1993 Hildebrsudtii
952 1924 1223 1991 dissertationem
1239 1926 1316 2008 Lip-

198 2030 333 2096 siensem
364 2031 480 2115 (1888)
510 2031 550 2097 de
574 2031 747 2098 itineribus
771 2031 935 2097 Herodoti
958 2032 1143 2115 Europaeis
1166 2037 1201 2098 et
1224 2033 1315 2100 Afri-

202 2136 290 2204 canis
310 2157 386 2222 pag.
411 2145 463 2202 48.

284 2245 412 2312 Rursus
435 2244 469 2311 in
494 2248 658 2329 prooemio
676 2246 867 2314 Herodoteo
883 2246 970 2313 idem
985 2247 1167 2330 Dionysius
1182 2244 1315 2328 Ἀλικαρ-

196 2353 331 2428 νασσέως
369 2353 513 2437 legebat
553 2372 630 2420 usus
670 2353 800 2420 scilicet
834 2343 1012 2434 euemplari
1047 2353 1210 2420 Herodoti
1249 2355 1317 2422 ista

195 2459 387 2527 coniectura
409 2459 543 2526 infecto.
590 2463 688 2526 Haec
712 2461 799 2527 inter
832 2479 868 2526 se
898 2465 1062 2544 pugnant:
1094 2461 1250 2540 Κρότωνα
1281 2473 1316 2529 et

192 2565 462 2649 Ἁλικαρνασσέως.
509 2567 585 2635 Nisi
616 2568 704 2634 iorte
735 2567 807 2650 quis
839 2574 937 2651 putat
969 2568 1163 2652 Dionysium
1187 2589 1250 2636 non
1276 2589 1317 2636 ex

189 2675 375 2759 exemplari
406 2693 465 2742 suo
496 2675 662 2742 Herodoti
691 2675 864 2742 lectionem
896 2673 1157 2756 Ἁλικαρνασσέως
1184 2678 1316 2744 novisse

188 2787 226 2849 et
250 2783 328 2863 quia
351 2783 422 2865 ipse
452 2781 726 2848 Halicarnassius
756 2790 840 2856 erat,
866 2803 926 2850 sua
951 2789 1069 2866 sponte
1093 2785 1178 2850 hanc
1200 2804 1315 2851 recen·

186 2891 311 2960 tionem
336 2889 521 2973 lectionem,
546 2908 643 2971 quam
667 2890 814 2956 fortasse
829 2895 1047 2973 compererat,
1064 2892 1220 2957 maluisse
1237 2892 1314 2957 scri·

189 2999 279 3072 bere,
305 3016 378 3064 eum
401 2996 601 3079 prooemium
625 2996 756 3064 citaret.

284 3104 417 3171 Cestius
443 3111 522 3170 tunc
544 3104 659 3170 licebit
682 3103 838 3185 indicare,
867 3104 896 3170 si
925 3105 997 3186 quis
1022 3105 1150 3187 Meyeri
1173 3104 1315 3184 apocyno

185 3214 442 3297 (Forschungen
466 3232 541 3296 pag.
559 3213 645 3296 2611)
670 3218 805 3277 secutus
827 3211 997 3277 Herodoto
1022 3213 1103 3278 data
1119 3229 1220 3294 opera
1243 3230 1314 3294 per·-

183 3323 340 3389 lustrato
363 3321 459 3404 plura
482 3321 578 3386 huius
602 3319 805 3386 recensionis
829 3319 981 3401 exempla
1005 3318 1185 3401 collegerit.

283 3427 436 3512 Cognitis
460 3427 563 3512 igitur
586 3424 788 3494 testimoniis
805 3427 846 3493 de
865 3427 1034 3492 Herodoto
1051 3427 1314 3509 Halicarnasus,

185 3553 279 3604 nunc
310 3535 352 3601 de
384 3534 555 3601 Herodoto
588 3535 714 3602 Titurio
738 3534 857 3600 dicam.
890 3533 1070 3614 Principio
1094 3533 1244 3600 Avienus
1267 3534 1316 3599 in·

186 3642 280 3725 sigui
310 3641 367 3708 illo
400 3642 481 3721 loco,
507 3641 563 3707 ubi
586 3659 627 3707 ex
649 3641 857 3723 plurimorum
884 3639 1130 3707 commentariis
1154 3641 1315 3708 Sallustio

109 3791 112 3798 =
189 3750 300 3818 multa
324 3769 360 3817 se
385 3748 573 3815 adiunxisse
598 3747 799 3830 pronuntiat,
824 3748 989 3840 (Avienus
1007 3757 1035 3824 4,
1056 3754 1095 3810 49
1120 3748 1168 3813 ed.
1186 3746 1316 3812 Holder

195 3860 304 3941 1887),
321 3856 469 3923 undecim
486 3863 639 3923 auctores
652 3854 767 3921 ordine
781 3854 1018 3938 chronologico,
1038 3873 1166 3936 semper
1182 3854 1314 3920 ethnico

191 3963 385 4048 cognomine
408 3984 479 4029 curn
505 3983 584 4030 cura
608 3963 730 4044 addito,
757 3969 928 4029 enumerat
953 3964 994 4028 ab
1019 3963 1195 4026 Hecataeo
1220 3960 1314 4026 Mile-

190 4074 243 4140 sio
268 4089 369 4152 usque
394 4071 436 4137 ad
460 4069 664 4137 Herodotum
682 4070 840 4136 Thurium
857 4075 892 4135 et
908 4067 1062 4135 Atticum
1081 4068 1312 4151 Thucydidem.

192 4236 406 4244 --—.—-———-

285 4321 311 4389 *)
329 4318 420 4375 Aliter
440 4317 471 4375 Ε.
492 4319 653 4387 Schwartz,
672 4315 854 4386 Quaestiones
874 4315 1048 4372 Herodoteae
1070 4317 1146 4373 1890,
