3232 4938
770 409 988 468 ..30-

320 600 392 664 pag.
419 583 482 644 332
508 580 621 646 decem
644 581 705 647 illa
728 581 866 667 talenta,
891 598 976 662 quae
999 579 1147 648 Pericles
1168 579 1456 656 1111111111-

321 688 435 770 gabat,
457 686 511 766 ita
534 688 578 753 ad
601 687 878 771 comparationem
903 686 1046 765 vocavit,
1071 693 1109 754 ut
1133 689 1288 772 Anytum
1306 691 1457 758 Periclis

319 793 447 860 nomine
477 794 562 862 hanc
590 796 697 879 legem
726 795 843 861 tulisse
871 798 1014 877 putaret.
1061 797 1111 862 At
1138 795 1223 862 enim
1246 795 1304 862 illi
1329 798 1457 864 similia

320 903 471 985 exempla
495 902 608 968 exilio
625 908 775 985 tempore
792 901 894 968 affere
910 920 974 967 non
991 908 1177 984 potuerunt.
1223 902 1322 970 Num
1340 910 1457 972 autem

321 1010 472 1078 Holmius
495 1009 568 1076 iure
591 1009 713 1075 dixerit
737 1009 888 1076 debuisse
905 1009 1110 1076 Herodotum
1135 1029 1257 1077 corona
1281 1012 1458 1094 honorari,

319 1137 384 1184 non
409 1137 498 1201 auro,
523 1116 674 1197 equidem
693 1115 907 1198 perlustratis
930 1115 1220 1184 dissertationibus
1237 1115 1456 1188 Schuberti

272 1229 273 1238 ’
320 1227 360 1291 de
388 1224 548 1309 proxenia
576 1223 697 1290 Attica
721 1227 835 1307 (1881)
860 1229 895 1290 et
919 1223 1098 1292 Dittmari
1122 1224 1161 1291 de
1183 1224 1319 1292 coronis
1338 1227 1457 1310 (1891)

323 1332 419 1420 (Lpz.
443 1331 538 1399 Stud.
563 1329 674 1418 XIII)
699 1331 852 1398 dubitare
875 1331 990 1398 ausim.

409 1441 538 1506 Rursus
577 1436 903 1525 Majchrowiezius
941 1437 975 1504 in
1012 1442 1256 1522 programmate
1298 1441 1343 1507 de
1375 1441 1455 1510 Plu·

190 1548 192 1552 ’
321 1547 430 1615 1111111
461 1546 516 1612 illo
548 1543 661 1611 libello
693 1547 806 1628 (1881)
838 1549 935 1628 putat
965 1545 1047 1612 nihil
1075 1545 1242 1628 impedire,
1274 1537 1456 1630 quominus.

321 1655 406 1720 hanc
441 1649 668 1718 narrationem
700 1651 820 1720 falsam
854 1673 928 1721 esse
957 1659 1151 1720 statuamus.
1204 1654 1306 1722 Velle
1340 1663 1455 1722 autem

322 1780 393 1828 eam
421 1759 504 1826 nihil
533 1758 623 1825 aliud
651 1758 716 1826 nisi
745 1760 997 1827 Atheniensium
1022 1760 1139 1827 laudes
1161 1759 1195 1826 in
1218 1761 1320 1830 libris
1346 1765 1456 1832 Hero·

323 1867 429 1935 doteis
454 1865 631 1948 explicare.
678 1865 745 1933 Sed
767 1866 1004 1949 psephismatis
1025 1866 1262 1936 auctoritatem
1280 1869 1378 1938 iusto
1395 1870 1455 1936 mi·

322 1973 411 2058 noris
435 1971 523 2039 iecit.
619 2035 622 2042 ,
1270 2041 1272 2046 ,

411 2081 465 2146 De
480 2079 586 2146 variis
603 2080 744 2147 virorum
769 2082 938 2149 doctorum
963 2081 1188 2149 conaminibus
1212 2083 1301 2152 satis
1328 2087 1454 2154 11111111

324 2187 401 2270 quid
433 2205 511 2253 vero
535 2187 739 2254 Plutarchus
768 2189 839 2271 ipse
871 2189 911 2254 de
942 2190 1003 2256 hoc
1025 2190 1192 2257 Herodoti
1215 2191 1347 2259 honore
1373 2192 1456 2260 iudi·

324 2293 436 2364 cavit?
475 2296 625 2362 Rectene
643 2293 713 2361 eius
729 2297 833 2363 verba
856 2292 1032 2364 Rankius
1057 2296 1355 2392 Weltgeschiohte
1380 2301 1456 2384 La
1535 2301 1538 2308 '
1574 2357 1575 2384 p

325 2406 438 2484 (1881)
463 2422 537 2486 pag.
563 2407 605 2466 40
632 2422 662 2469 n.
695 2402 862 2470 intellexit
893 2403 1087 2471 vocabulum
1117 2405 1291 2488 ‚deodotd“
1327 2409 1454 2475 calum·

324 2508 412 2574 niam
435 2509 672 2590 interpretans,
697 2510 747 2576 ita
770 2510 909 2592 quidem,
934 2514 971 2576 ut
987 2511 1168 2578 Plutarcho
1185 2511 1249 2595 ipsi
1265 2514 1456 2582 calumnia·

324 2624 414 2682 tores
439 2633 512 2682 esse
536 2616 737 2698 viderentur,
761 2615 816 2696 qui
840 2616 1013 2682 crederent
1038 2618 1244 2686 Herodotum
1272 2622 1452 2701 pecuniam

325 2724 366 2790 ab
400 2721 663 2788 Atheniensibus
700 2722 865 2790 adulando
900 2722 964 2791 sibi
999 2724 1181 2808 petivisse?
1235 2726 1305 2794 Sed
1339 2729 1454 2796 confer

325 2830 414 2897 Plut.
448 2830 560 2896 Them.
593 2834 624 2913 4,
649 2834 667 2902 3
699 2827 851 2912 διαβολὴν
886 2828 1078 2896 καθ’ἓαυτοῦ
1108 2835 1262 2914 παρέσχεν
1295 2883 1304 2898 .
1338 2889 1345 2902 .
1379 2884 1386 2899 .
1419 2839 1452 2900 et

325 2939 423 3019 paulo
440 2943 517 3019 post
532 2939 630 3012 εἰμὲν
654 2934 691 3016 δὴ
715 2933 773 3017 τὴν
798 2937 954 3019 ἀκρίβειαν
978 2945 1029 3003 καὶ
1053 2938 1090 3004 τὸ
1114 2938 1257 3020 καθαρὸν
1282 2947 1448 3019 1111111111·

326 3045 479 3121 τεύματος
510 3045 648 3122 ἔβλαψεν
679 3039 697 3124 ἢ
727 3042 771 3125 μὴ
798 3049 899 3109 ταῦτα
926 3047 1047 3127 πράξας
1074 3048 1153 3111 ἔστω
1182 3049 1449 3129 φιλοσοφώτερον
1574 3119 1575 3124 1

326 3154 514 3215 ἐπισκοπεῖν.
865 3197 868 3204 ·

415 3259 615 3324 Plutarchus
647 3257 749 3341 igitur
779 3260 890 3327 neutri
919 3261 1010 3344 parti
1036 3279 1142 3343 neque
1171 3261 1448 3331 calumniatorum

327 3365 492 3432 Herodoti
527 3384 633 3448 neque
665 3365 872 3432 defensorum
910 3386 946 3432 se
978 3366 1144 3450 adiunxit,
1177 3387 1247 3435 cum
1279 3368 1446 3438 inscitiam

328 3492 433 3540 rerum
462 3472 652 3539 Atticarum
677 3477 795 3539 narrat
824 3491 888 3540 non
911 3492 1090 3558 congruere
1115 3494 1186 3542 cum
1211 3475 1348 3546 crimine
1373 3477 1449 3545 adu·

326 3579 464 3646 lationis
494 3583 530 3645 'et
560 3581 689 3648 venalis
720 3580 846 3664 ingenii
876 3600 983 3663 neque
1014 3587 1126 3648 tamen
1160 3602 1181 3650 a
1209 3602 1245 3650 se
1268 3584 1450 3667 impetrare

328 3693 449 3773 potest,
474 3688 551 3770 quin
574 3689 723 3771 Diyllum
747 3708 812 3755 non
837 3690 1054 3772 spernendum
1078 3695 1248 3758 auctorem
1270 3691 1374 3757 fuisse
1399 3686 1451 3754 ad·

327 3800 432 3863 notet.
479 3796 555 3864 Vox
591 3799 701 3861 autem
738 3797 867 3876 διαβολή
904 3815 969 3863 111
1000 3796 1207 3881 calumniam,
1239 3798 1298 3865 sed
1330 3795 1450 3864 crimen

327 3902 524 3970 invidiosum
549 3901 725 3986 significat.

420 4010 542 4091 Itaque
565 4008 676 4075 facere
701 4028 765 4075 non
788 4029 928 4092 possum,
955 4011 1034 4092 quin
1061 4012 1303 4079 Wachsmuthii
1325 4006 1447 4076 coniec-

328 4124 438 4183 turam
462 4115 668 4200 (Einleitung
691 4137 768 4200 pag.
795 4123 870 4199 112)
895 4119 1064 4202 amplexus
1079 4119 1206 4185 'donum
1234 4119 1316 4187 illud
1339 4114 1448 4194 aliquo

329 4223 422 4289 modo
459 4242 530 4289 cum
568 4223 695 4290 colonia
730 4225 871 4292 Thurios
908 4224 1051 4293 deducta
1083 4227 1260 4294 cohaerere
1293 4227 1449 4294 statuam.
1574 4287 1575 4334 ἦ
