3232 4938
677 423 876 482 ..J-,—

286 594 525 678 *Apollodorus
555 594 674 680 igitur,
710 594 782 661 sive
812 594 893 678 ipso,
929 595 1001 664 siue
1020 595 1103 678 'quis
1134 595 1220 676 alitus
1239 589 1337 672 ,tulo
1408 595 1410 600 ’

214 699 773 784 Eratosthenioo÷hpollodoreum
795 701 1079 785 syuohmuismum
1090 703 1269 782 exstruxit,
1291 686 1336 774 ‘da'

215 808 391 878 Hellanioo
414 807 464 876 iu
490 808 693 892 'Phuoyffidis
723 807 836 878 verbis
869 807 906 890 I,
940 815 980 874 97
1015 809 1115 877 nixus
1133 813 1224 896 'esse
1258 809 1337 882 ulihi

217 912 364 1002 videtur,
385 915 429 982 de
452 915 625 984 Herodoto
654 920 703 982 et,
715 914 906 1000 Thucydide
929 915 1129 999 in-ipsorum
1149 917 1335 1000 prooemiis.

214 1022 270 1090 Sio
287 1021 413 1090 ioelum
428 1027 491 1106 est,
515 1028 554 1090 ui
568 1021 764 1090 Hellanicus
779 1020 941 1104 usquead
957 1019 1239 1093 Wilamowitzii
1254 1031 1336 1092 tom

214 1147 297 1212 pora
319 1129 493 1197 Herodoto
515 1127 690 1207 ἐπιβάλλειν
712 1128 819 1196 videri
845 1130 1004 1213 posset.*)
1037 1129 1200 1214 Soriptor
1222 1136 1336 1212 pente-

213 1237 406 1322 oontaetiae
428 1236 463 1304 in
484 1235 884 1321 mediapenteoontaetia
899 1235 1049 1304 floruisse
1065 1241 1228 1306 statutum
1252 1245 1335 1307 erat.

261 1373 263 1378 v
308 1344 388 1412 Jam
419 1343 472 1410 de.
491 1343 695 1426 quaestione,
727 1343 813 1410 unde
843 1342 973 1412 Gellius
1004 1345 1084 1428 XV,
1102 1350 1142 1410 23
1174 1345 1334 1437 hauserit.

216 1470 281 1521 non
311 1451 478 1534 assentior
498 1449 665 1537 Ruskio,
689 1449 744 1532 qni
767 1450 802 1516 in
822 1448 1060 1520 dissertatione
1074 1451 1218 1520 Hertzio
1234 1452 1336 1522 missa

216 1558 264 1626 de·
280 1556 385 1626 Gellii
408 1557 555 1624 fontibus
579 1558 695 1642 (1883)
712 1563 825 1640 pag.8
841 1555 1050 1641 Pamphilam
1066 1558 1172 1641 ipsum
1188 1578 1209 1626 a
1225 1559 1336 1628 Gellio

217 1663 398 1748 insperatam
431 1683 505 1732 osse
536 1665 619 1732 uult.
666 1663 733 1732 Sed
763 1683 828 1732 non
855 1664 1096 1748 neglegendum
1120 1666 1335 1740 est-Favoni

215 1769 418 1842 numenius
448 1771 483 1840 in
513 1774 619 1840 uerba
641 1769 773 1840 Gellius
800 1771 911 1840 iurare
935 1773 1031 1842 solet,
1054 1771 1253 1856 Pamphilae
1276 1774 1335 1865 hy·

216 1883 425 1959 pomnemota
453 1878 659 1961 excerpsisse
676 1897 747 1948 ,neo
770 1897 830 1963 per
852 1895 889 1948 se
911 1878 1091 1948 verisimile
1114 1883 1167 1948 est
1191 1879 1335 1960 Gellium

217 1985 303 2054 hano
326 1984 492 2068 epitomen
517 1984 588 2054 eins
612 1985 767 2070 auotoris,
791 2004 886 2069 quem
901 1987 936 2054 in
952 1987 1080 2056 delioiie
1094 1989 1254 2066 habebat,
1270 2007 1336 2068 non

217 2092 261 2159 ad
288 2111 418 2160 manum
447 2092 613 2160 habuisse.
650 2095 713 2160 ·De
740 2113 806 2177 qua
830 2092 971 2177 epitome
995 2095 1157 2179 Stephani
1180 2094 1337 2178 Byzantii

220 2198 411 2268 testimonio
436 2199 562 2270 ooufido
595 2219 621 2266 s.
643 2217 674 2269 v.
705 2196 835 2277 Ῥοπτῖς,
858 2196 1026 2278 ἔθνος-οὗ
1048 2204 1199 2283 μέμνηται
1226 2208 1336 2279 Φαβω-

215 2319 303 2386 ρῖνος
331 2307 366 2370 ἐν
389 2307 542 2389 ,ἐπιτομῆς
572 2306 711 2392 τετάρτῳ
742 2309 797 2388 τῆς
828 2314 1002 2390 Παμφίλης,
1031 2326 1228 2390 quemquam
1251 2306 1336 2376 lenis

206 2413 343 2484 medela
366 2413 555 2482 adhihenda
578 2421 640 2484 est.
735 2469 738 2477 ,
893 2475 896 2480 ,
1029 2457 1030 2460 ι
1191 2465 1194 2472 .

304 2518 444 2590 Oodioes
475 2520 562 2588 enim
593 2519 744 2588 dativum
774 2520 904 2600 ἐπιτομῇ
934 2522 1106 2604 praebent
1149 2519 1205 2588 A't
1228 2541 1335 2590 emen·

214 2627 383 2702 dationem
406 2645 512 2694 meam
535 2626 684 2694 deiendit
711 2627 798 2694 alius
822 2627 912 2695 locus
935 2627 1100 2713 Stephani
1123 2627 1164 2694 de
1187 2627 1335 2698 naumi-

215 2735 294 2803 doro
319 2739 395 2812 387,
414 2741 454 2800 lli
478 2736 512 2800 ἐν
527 2735 676 2816 ἐπιτομῆς
698 2734 826 2820 πρώτῳ,
851 2735 907 2802 uhi
928 2735 1115 2805 Meinekiue
1130 2740 1225 2802 rente
1249 2736 1335 2803 eodi-

211 2861 286 2910 nunu
309 2841 480 2925 apuam
502 2841 687 2932 lectionem,
710 2860 797 2926 qnae
819 2847 874 2909 est
896 2842 1036 2922 ἐπιτομῇ,
1061 2843 1216 2910 correxit.

304 2948 419 3018 Simile
447 2948 566 3018 vitium
595 2948 740 3020 ooourrit
770 2949 805 3016 in
836 2949 948 3018 oodioe
974 2950 1008 3019 V
1025 2955 1106 3025 oio„
1124 2957 1154 3023 2,
1179 2967 1242 3032 quo
1264 2950 1335 3018 looo

211 3057 300 3124 idem
308 3061 401 3124 recte
415 3055 497 3141 legit
504 3058 636 3133 Λέπιδος
646 3057 680 3120 ἐν
693 3059 830 3138 ἱστορίας
841 3057 988 3136 ἐπιτομῆς
999 3054 1119 3142 πρώτῳ
1127 3055 1273 3142 (ἐπιτομῇ
1281 3058 1336 3141 V),

213 3168 252 3232 nt
282 3164 389 3232 altero
421 3163 491 3230 loro
523 3163 564 3230 de
593 3163 742 3230 eiusdem
772 3162 893 3246 Lepidi
923 3162 1067 3248 epitome
1096 3163 1260 3234 traditum
1283 3171 1337 3234 est

212 3273 249 3336 ἐν
272 3273 426 3352 ἱστορικῆς
448 3271 595 3352 ἐπιτομῆς
617 3269 724 3355 ὀγδόῳ
749 3274 840 3358 (578,
857 3275 901 3355 4),
924 3270 1010 3355 quod
1032 3275 1144 3338 tamen
1169 3290 1211 3338 ex
1226 3272 1335 3354 priore

216 3381 289 3446 loon
312 3378 505 3446 mutandum
529 3382 607 3461 puto
631 3377 665 3444 in
687 3378 722 3442 ἐν
744 3379 880 3458 ἱστορίας
902 3379 1049 3457 ἐπιτομῆς
1072 3374 1190 3462 ὀγδόῳ.

227 3541 230 3548 .
267 3547 271 3552 .
302 3485 489 3554 infeliciter
510 3483 695 3556 dlaassius
720 3484 761 3552 de
785 3485 943 3555 Favorini
959 3486 1102 3569 epitome
1117 3485 1153 3550 in
1170 3485 1338 3566 quaestio·

217 3593 315 3662 nibus
346 3592 483 3661 solentis
514 3593 555 3660 de
586 3591 777 3676 biographis
809 3591 950 3660 Graecis
983 3592 1082 3679 (Phil.
1115 3592 1251 3660 Unters.
1280 3593 1338 3660 III

214 3719 291 3785 pag.
321 3705 368 3766 oh
399 3721 428 3768 u.
463 3700 518 3786 61)
550 3698 747 3783 disputavit.
794 3697 978 3782 comparat
1011 3699 1097 3766 enim
1129 3718 1170 3766 ex
1200 3697 1337 3766 scholiis

215 3808 403 3878 Homericis
433 3806 588 3884 Σέλευκός
616 3825 713 3887 φησιν
742 3806 776 3870 ἐν
806 3814 845 3886 τῇ
877 3812 1002 3889 Κοπρίᾳ
1040 3810 1142 3890 atque
1173 3804 1336 3887 Stephani

216 3915 320 3983 uerba
353 3914 610 3997 interpretatur:
649 3914 853 3990 „Favorinus
885 3933 926 3980 ex
957 3912 1153 3995 Pamphilae
1184 3911 1336 3994 epitomis

215 4021 363 4104 adie1t“;
406 4021 546 4104 „multos
577 4021 662 4087 euim
695 4024 850 4088 auctores
881 4039 901 4088 a
932 4018 1108 4102 Pamphila
1138 4018 1336 4101 epitomatos

274 4241 276 4248 '
304 4252 331 4326 τ)
350 4250 469 4309 numu
488 4255 521 4308 11
540 4253 634 4323 (neue)
652 4264 715 4324 pag.
733 4252 795 4312 neu.
