3232 4938
162 699 350 766 translatus
382 715 456 766 csse
484 696 626 781 videtur,
654 707 862 778 quamquam·
879 695 950 763 dies
978 695 1085 763 festus
1109 698 1283 764 antiocus

162 804 365 872 lectionibus
389 804 513 872 talibus
540 803 677 871 idoneus
700 802 847 870 Athenis
870 807 951 870 tune
973 795 1039 872 non
1062 806 1228 871 exstabat.

256 911 384 998 Vides,¹
403 929 466 994 quo
497 909 569 978 iure
600 907 898 995 Kirchhofflns*)
930 911 1030 977 haue
1047 912 1286 996 chronographi

164 1018 358 1088 memoriam
389 1019 637 1117 integerrimum
660 1017 753 1087 vitae
775 1018 941 1085 Herodoti
963 1017 1190 1087 testimoninm
1213 1037 1286 1086 esse

163 1125 336 1211 statuerit,
359 1132 420 1193 aut
443 1123 644 1213 Bergkius'
662 1125 721 1194 Gr.
747 1125 831 1193 litt.
856 1125 979 1195 cason
1003 1127 1056 1197 IV
1077 1126 1191 1212 (1887)
1212 1147 1286 1211 pag.

165 1241 234 1301 udo
249 1233 459 1301 Herodotum
475 1231 692 1301 historiarum
715 1233 816 1301 liliros
832 1232 867 1301 in
889 1231 1132 1301 instauratione
1146 1232 1287 1316 Odei**)

162 1341 298 1409 Pericle
325 1337 466 1412 ‘auctore
505 1341 737 1424 praesentibus
771 1339 1016 1408 honestissimis
1047 1340 1130 1408 viris
1165 1340 1288 1426 legisse

166 1446 382 1516 coniecerit.¹
425 1463 460 1504 Α
521 1449 524 1456 ’
622 1497 624 1502 .
1066 1457 1069 1460 ’
1112 1443 1114 1448 ’

196 1595 197 1602 1
251 1555 526 1638 vhutiq‘uissimus
553 1555 652 1624 testis
682 1555 723 1623 de
750 1555 947 1623 lectionibus
971 1559 1024 1621 est
1048 1552 1287 1634 Plutarchus,

169 1663 294 1746 quide
321 1662 455 1747 malign.
478 1663 575 1731 Hdti.
599 1662 712 1732 verbis
735 1667 762 1726 εἰ
783 1662 843 1743 γὰρ
865 1662 988 1742 ἀνέγνω
1013 1711 1020 1725 .
1046 1710 1053 1726 .
1080 1710 1088 1725 .
1112 1661 1163 1729 ita
1185 1662 1288 1743 loqui-

170 1777 238 1854 tur,
261 1773 298 1836 ut
321 1769 352 1836 ei
375 1769 534 1838 memoria
557 1771 597 1836 de
620 1769 821 1838 lectionibus
842 1769 959 1854 ignota
975 1769 1078 1836 fuisse
1093 1787 1159 1836 uon
1174 1769 1289 1852 possit.

263 1875 368 1961 Quam
391 1881 521 1960 partem
542 1878 699 1968 librorum
723 1877 914 1945 Herodotus
937 1876 1068 1962 legerit,
1092 1894 1290 1961 superuaca-

168 2003 268 2052 neum
288 1989 370 2051 est
398 2001 568 2069 quaerere,
606 1983 762 2068 quoniam
800 1984 977 2058 lectionum
1016 1984 1161 2068 ipsarum
1200 1983 1291 2049 nulla

170 2092 253 2158 fides
276 2094 338 2158 est
937 2123 938 2128 =

259 2196 367 2269 Venio
394 2213 482 2264 nunc
509 2199 552 2267 ad
579 2197 775 2266 domicilium
804 2199 971 2266 Herodoti
998 2197 1131 2266 Thuriis
1154 2197 1291 2263 colloca-

173 2315 253 2384 tum,
279 2304 343 2372 uhi.
360 2305 536 2372 secundum
561 2304 704 2372 Plinium
729 2325 810 2388 opus
827 2324 926 2390 suum
950 2303 1154 2386 conscripsit.
1198 2303 1293 2388 Quod

171 2413 408 2494 testimonium,
433 2410 511 2493 quia
526 2411 579 2479 his
596 2413 710 2480 diebus
727 2410 954 2481 Dittrichius
971 2415 1006 2478 et
1021 2408 1292 2480 Fleckeisenus

179 2521 251 2588 th.
282 2523 343 2583 147
367 2517 481 2604 (1883)
500 2537 580 2603 pag.
608 2525 670 2583 589
701 2535 795 2588 secus
818 2517 1034 2602 interpretati
1058 2522 1147 2602 sunt,
1172 2534 1293 2599 operae

176 2625 397 2710 8188181888
420 2626 610 2693 accuratius
632 2627 846 2711 perpendere.
975 2669 977 2674 -

264 2735 373 2800 Recte
417 2732 618 2800 Dittrichius
660 2735 832 2801 molestum
875 2751 1053 2815 pronomen
1102 2740 1212 2815 „eam“
1261 2730 1296 2798 in

173 2840 349 2910 enuntiato

192 2969 195 2974 ¹
270 2954 369 3030 „tunc
394 2946 479 3012 enim
503 2950 620 3014 auctor
641 2947 699 3013 ille
720 2947 899 3014 historiam
925 2965 998 3014 eam
1014 2946 1161 3014 condidit
1175 2944 1296 3012 unum

170 3057 209 3123 in
233 3054 358 3122 Italia“
523 3112 524 3116 ,

173 3161 264 3246 quod
287 3161 353 3228 iam
378 3158 530 3230 Clinton
553 3160 588 3227 in
611 3159 711 3227 iustis
734 3154 920 3227 Hellenicis
945 3161 987 3227 ad
1011 3180 1086 3228 ann.
1109 3166 1174 3225 444
1189 3159 1296 3228 888188

171 3268 344 3345 omiserat,
380 3266 571 3334 coniectura
601 3267 737 3335 sustulit
768 3267 915 3334 scribens
951 3272 1086 3346 „auctor
1112 3267 1170 3338 ille
1193 3266 1297 3335 histo-

173 3375 348 3459 riarum,
372 3375 458 3456 quod
480 3375 696 3460 palimpsesto
719 3374 823 3442 Monii
847 3376 1067 3443 confirmatur.

177 3539 179 3546 ,
268 3481 434 3566 Displicet
468 3486 579 3549 autem
618 3483 711 3565 mihi,
753 3483 841 3564 quod
875 3481 1074 3549 Dittrichius
1109 3481 1230 3550 Thuris
1264 3483 1298 3549 in

173 3588 320 3658 Thurios
351 3589 496 3660 mutavit
522 3590 623 3672 idque
651 3589 904 3656 Fleckeisenum
927 3588 1065 3672 impulit,
1089 3598 1125 3656 ut
1150 3589 1297 3656 Herodo-

173 3705 249 3765 tum
274 3697 436 3780 Lamponi
459 3698 645 3780 ceterisque
661 3696 858 3762 Thuriorum
879 3695 1104 3764 conditoribus
1119 3697 1297 3764 adsereret.

176 3804 339 3872 Nominat
366 3809 478 3872 autem
506 3801 749 3889 Puppritzius
777 3803 813 3871 in
841 3801 1079 3872 dissertatione
1103 3805 1142 3870 de
1166 3802 1299 3870 Thuriis

179 3911 370 3994 conscripta
394 3909 509 3994 (1890)
534 3909 645 3994 capite
660 3911 812 3995 secundo,
835 3910 868 3976 in
893 3931 956 3992 quo
981 3910 1021 3978 de
1045 3911 1180 3977 ducibus
1204 3909 1299 3977 huius

179 4019 331 4088 coloniae
354 4017 500 4103 exponit,
524 4019 624 4086 hosce
648 4018 765 4085 duces:
1231 4015 1234 4022 “

240 4171 244 4180 ’
270 4196 296 4266 *)
315 4182 390 4252 llhor
419 4196 463 4252 die
492 4195 724 4266 Ablassungszeit
751 4195 799 4252 des
826 4194 884 4252 hdt
913 4192 1184 4252 Geschiehtsuerlres
1217 4197 1299 4261 18683

180 4285 342 4356 Nachtritgl.
362 4285 437 4342 Bam.
458 4287 536 4341 1872.

178 4381 181 4386 ·
257 4375 299 4446 **)
320 4375 510 4433 Wechsmuth
529 4373 610 4430 Studt
627 4373 720 4429 Athen
738 4373 753 4428 1
770 4373 863 4444 (1874)
882 4389 944 4444 pag.
964 4375 1025 4430 554.

1106 4464 1143 4519 3*
