<?xml version="1.0" encoding="UTF-8"?>
<!DOCTYPE html PUBLIC "-//W3C//DTD XHTML 1.0 Transitional//EN"
    "http://www.w3.org/TR/xhtml1/DTD/xhtml1-transitional.dtd">
<html xmlns="http://www.w3.org/1999/xhtml" xml:lang="en" lang="en">
 <head>
  <title>
</title>
<meta http-equiv="Content-Type" content="text/html;charset=utf-8" />
  <meta name='ocr-system' content='tesseract 3.04.00' />
  <meta name='ocr-capabilities' content='ocr_page ocr_carea ocr_par ocr_line ocrx_word'/>
</head>
<body>
  <div class='ocr_page' id='page_1' title='image "./testimoniadeher00dietgoog_0045.png"; bbox 0 0 3232 4938; ppageno 0'>
   <div class='ocr_carea' id='block_1_1' title="bbox 781 421 996 481">
    <p class='ocr_par' dir='ltr' id='par_1_1' title="bbox 781 421 996 481">
     <span class='ocr_line' id='line_1_1' title="bbox 781 421 996 481; baseline -0.019 -13"><span class='ocrx_word' id='word_1_1' title='bbox 781 461 817 468; x_wconf 83' lang='lat'><strong>..</strong></span> <span class='ocrx_word' id='word_1_2' title='bbox 868 421 996 481; x_wconf 78' lang='lat'>40&#39;...</span> 
     </span>
    </p>
   </div>
   <div class='ocr_carea' id='block_1_2' title="bbox 329 579 1485 3042">
    <p class='ocr_par' dir='ltr' id='par_1_2' title="bbox 329 579 1467 1334">
     <span class='ocr_line' id='line_1_2' title="bbox 330 579 1466 684; baseline -0.001 -18"><span class='ocrx_word' id='word_1_3' title='bbox 330 599 446 684; x_wconf 84' lang='grc'>(1891)</span> <span class='ocrx_word' id='word_1_4' title='bbox 478 616 553 682; x_wconf 91' lang='lat' dir='ltr'><strong>pag.</strong></span> <span class='ocrx_word' id='word_1_5' title='bbox 589 601 643 677; x_wconf 83' lang='lat'><strong>34)</strong></span> <span class='ocrx_word' id='word_1_6' title='bbox 675 598 734 663; x_wconf 87' lang='lat' dir='ltr'><strong>hos</strong></span> <span class='ocrx_word' id='word_1_7' title='bbox 765 613 882 664; x_wconf 86' lang='lat' dir='ltr'><strong>versus</strong></span> <span class='ocrx_word' id='word_1_8' title='bbox 912 595 1001 663; x_wconf 91' lang='lat' dir='ltr'><strong>inter</strong></span> <span class='ocrx_word' id='word_1_9' title='bbox 1029 594 1213 662; x_wconf 79' lang='lat' dir='ltr'><strong>Alexandri</strong></span> <span class='ocrx_word' id='word_1_10' title='bbox 1235 595 1367 678; x_wconf 87' lang='lat' dir='ltr'><strong>Magni</strong></span> <span class='ocrx_word' id='word_1_11' title='bbox 1390 579 1466 668; x_wconf 79' lang='lat' dir='ltr'><strong>&#39;fere</strong></span> 
     </span>
     <span class='ocr_line' id='line_1_3' title="bbox 331 703 1467 788; baseline -0.004 -16"><span class='ocrx_word' id='word_1_12' title='bbox 331 711 479 773; x_wconf 89' lang='lat' dir='ltr'><strong>aetatem</strong></span> <span class='ocrx_word' id='word_1_13' title='bbox 495 709 531 772; x_wconf 92' lang='lat' dir='ltr'><strong>et</strong></span> <span class='ocrx_word' id='word_1_14' title='bbox 546 706 713 772; x_wconf 84' lang='lat' dir='ltr'><strong>Zenonem</strong></span> <span class='ocrx_word' id='word_1_15' title='bbox 726 703 895 788; x_wconf 85' lang='lat' dir='ltr'><strong>Myndium</strong></span> <span class='ocrx_word' id='word_1_16' title='bbox 911 703 1019 770; x_wconf 81' lang='lat' dir='ltr'><strong>iactos</strong></span> <span class='ocrx_word' id='word_1_17' title='bbox 1036 721 1110 770; x_wconf 90' lang='lat' dir='ltr'><strong>esse</strong></span> <span class='ocrx_word' id='word_1_18' title='bbox 1122 706 1230 786; x_wconf 91' lang='lat' dir='ltr'><strong>putat.</strong></span> <span class='ocrx_word' id='word_1_19' title='bbox 1269 703 1467 770; x_wconf 83' lang='lat' dir='ltr'><strong>Fluxerunt</strong></span> 
     </span>
     <span class='ocr_line' id='line_1_4' title="bbox 329 810 1466 906; baseline -0.004 -26"><span class='ocrx_word' id='word_1_20' title='bbox 329 814 474 882; x_wconf 86' lang='lat' dir='ltr'><strong>fortasse</strong></span> <span class='ocrx_word' id='word_1_21' title='bbox 503 833 544 880; x_wconf 84' lang='lat' dir='ltr'><strong>ex</strong></span> <span class='ocrx_word' id='word_1_22' title='bbox 574 812 645 882; x_wconf 81' lang='lat' dir='ltr'><strong>vita</strong></span> <span class='ocrx_word' id='word_1_23' title='bbox 677 812 788 895; x_wconf 85' lang='lat' dir='ltr'><strong>aliqua</strong></span> <span class='ocrx_word' id='word_1_24' title='bbox 811 810 978 879; x_wconf 74' lang='lat' dir='ltr'><strong>Herodoti</strong></span> <span class='ocrx_word' id='word_1_25' title='bbox 1006 813 1049 878; x_wconf 88' lang='lat' dir='ltr'><strong>ab</strong></span> <span class='ocrx_word' id='word_1_26' title='bbox 1072 810 1201 878; x_wconf 91' lang='lat' dir='ltr'><strong>homine</strong></span> <span class='ocrx_word' id='word_1_27' title='bbox 1225 810 1466 906; x_wconf 77' lang='lat' dir='ltr'><strong>Peripatetico</strong></span> 
     </span>
     <span class='ocr_line' id='line_1_5' title="bbox 331 915 1466 1005; baseline -0.004 -16"><span class='ocrx_word' id='word_1_28' title='bbox 331 921 529 1005; x_wconf 86' lang='lat' dir='ltr'><strong>conscripta,</strong></span> <span class='ocrx_word' id='word_1_29' title='bbox 555 919 653 987; x_wconf 89' lang='lat' dir='ltr'><strong>sicuti</strong></span> <span class='ocrx_word' id='word_1_30' title='bbox 676 920 711 988; x_wconf 93' lang='lat' dir='ltr'><strong>in</strong></span> <span class='ocrx_word' id='word_1_31' title='bbox 728 919 897 1002; x_wconf 84' lang='lat' dir='ltr'><strong>Sophoclis</strong></span> <span class='ocrx_word' id='word_1_32' title='bbox 920 919 993 986; x_wconf 87' lang='lat' dir='ltr'><strong>vita</strong></span> <span class='ocrx_word' id='word_1_33' title='bbox 1017 919 1104 985; x_wconf 87' lang='lat' dir='ltr'><strong>tales</strong></span> <span class='ocrx_word' id='word_1_34' title='bbox 1126 937 1242 986; x_wconf 87' lang='lat' dir='ltr'><strong>versus</strong></span> <span class='ocrx_word' id='word_1_35' title='bbox 1269 915 1466 1003; x_wconf 85' lang='lat' dir='ltr'><strong>legimus.*)</strong></span> 
     </span>
     <span class='ocr_line' id='line_1_6' title="bbox 330 1024 1467 1122; baseline -0.005 -25"><span class='ocrx_word' id='word_1_36' title='bbox 330 1030 396 1098; x_wconf 82' lang='lat' dir='ltr'><strong>Sed</strong></span> <span class='ocrx_word' id='word_1_37' title='bbox 432 1046 627 1112; x_wconf 90' lang='lat' dir='ltr'><strong>quamquam</strong></span> <span class='ocrx_word' id='word_1_38' title='bbox 663 1028 717 1096; x_wconf 93' lang='lat' dir='ltr'><strong>hic</strong></span> <span class='ocrx_word' id='word_1_39' title='bbox 752 1026 872 1095; x_wconf 86' lang='lat' dir='ltr'><strong>titulus</strong></span> <span class='ocrx_word' id='word_1_40' title='bbox 904 1025 1097 1122; x_wconf 82' lang='lat' dir='ltr'><strong>sepulcralis</strong></span> <span class='ocrx_word' id='word_1_41' title='bbox 1128 1045 1194 1093; x_wconf 91' lang='lat' dir='ltr'><strong>non</strong></span> <span class='ocrx_word' id='word_1_42' title='bbox 1225 1024 1254 1093; x_wconf 91' lang='lat' dir='ltr'><strong>is</strong></span> <span class='ocrx_word' id='word_1_43' title='bbox 1293 1031 1370 1101; x_wconf 89' lang='lat' dir='ltr'><strong>est,</strong></span> <span class='ocrx_word' id='word_1_44' title='bbox 1406 1045 1467 1109; x_wconf 92' lang='lat' dir='ltr'><strong>quo</strong></span> 
     </span>
     <span class='ocr_line' id='line_1_7' title="bbox 330 1133 1467 1222; baseline -0.005 -18"><span class='ocrx_word' id='word_1_45' title='bbox 330 1137 437 1222; x_wconf 80' lang='lat' dir='ltr'><strong>possit</strong></span> <span class='ocrx_word' id='word_1_46' title='bbox 455 1135 675 1203; x_wconf 88' lang='lat' dir='ltr'><strong>demonstrari</strong></span> <span class='ocrx_word' id='word_1_47' title='bbox 690 1135 898 1202; x_wconf 88' lang='lat' dir='ltr'><strong>Herodotum</strong></span> <span class='ocrx_word' id='word_1_48' title='bbox 910 1133 1042 1200; x_wconf 73' lang='lat' dir='ltr'><strong>Thuriis</strong></span> <span class='ocrx_word' id='word_1_49' title='bbox 1060 1135 1219 1200; x_wconf 82' lang='lat' dir='ltr'><strong>mortuum</strong></span> <span class='ocrx_word' id='word_1_50' title='bbox 1237 1151 1331 1218; x_wconf 88' lang='lat' dir='ltr'><strong>esse,</strong></span> <span class='ocrx_word' id='word_1_51' title='bbox 1350 1137 1467 1200; x_wconf 90' lang='lat' dir='ltr'><strong>tamen</strong></span> 
     </span>
     <span class='ocr_line' id='line_1_8' title="bbox 331 1240 820 1334; baseline -0.008 -22"><span class='ocrx_word' id='word_1_52' title='bbox 331 1245 392 1312; x_wconf 90' lang='lat' dir='ltr'><strong>hoc</strong></span> <span class='ocrx_word' id='word_1_53' title='bbox 417 1242 492 1310; x_wconf 89' lang='lat' dir='ltr'><strong>aliis</strong></span> <span class='ocrx_word' id='word_1_54' title='bbox 516 1243 557 1310; x_wconf 90' lang='lat' dir='ltr'><strong>de</strong></span> <span class='ocrx_word' id='word_1_55' title='bbox 581 1241 690 1310; x_wconf 89' lang='lat' dir='ltr'><strong>causis</strong></span> <span class='ocrx_word' id='word_1_56' title='bbox 715 1240 820 1334; x_wconf 87' lang='lat' dir='ltr'><strong>credo.</strong></span> 
     </span>
    </p>

    <p class='ocr_par' dir='ltr' id='par_1_3' title="bbox 331 1345 1578 3042">
     <span class='ocr_line' id='line_1_9' title="bbox 419 1345 1467 1433; baseline -0.006 -15"><span class='ocrx_word' id='word_1_57' title='bbox 419 1351 539 1433; x_wconf 80' lang='lat' dir='ltr'>Neque</span> <span class='ocrx_word' id='word_1_58' title='bbox 563 1350 648 1415; x_wconf 91' lang='lat' dir='ltr'><strong>enim</strong></span> <span class='ocrx_word' id='word_1_59' title='bbox 672 1349 738 1416; x_wconf 92' lang='lat' dir='ltr'><strong>ullo</strong></span> <span class='ocrx_word' id='word_1_60' title='bbox 762 1348 952 1416; x_wconf 89' lang='lat' dir='ltr'><strong>testimonio</strong></span> <span class='ocrx_word' id='word_1_61' title='bbox 976 1354 1035 1414; x_wconf 90' lang='lat' dir='ltr'><strong>aut</strong></span> <span class='ocrx_word' id='word_1_62' title='bbox 1056 1347 1177 1415; x_wconf 90' lang='lat' dir='ltr'><strong>indicio</strong></span> <span class='ocrx_word' id='word_1_63' title='bbox 1198 1345 1415 1432; x_wconf 83' lang='lat' dir='ltr'><strong>adducimur,</strong></span> <span class='ocrx_word' id='word_1_64' title='bbox 1433 1349 1467 1414; x_wconf 90' lang='lat' dir='ltr'><strong>ut</strong></span> 
     </span>
     <span class='ocr_line' id='line_1_10' title="bbox 332 1453 1467 1538; baseline -0.002 -14"><span class='ocrx_word' id='word_1_65' title='bbox 332 1457 535 1524; x_wconf 89' lang='lat' dir='ltr'><strong>Herodotum</strong></span> <span class='ocrx_word' id='word_1_66' title='bbox 566 1457 707 1524; x_wconf 79' lang='lat' dir='ltr'><strong>Thurios</strong></span> <span class='ocrx_word' id='word_1_67' title='bbox 734 1455 907 1538; x_wconf 79' lang='lat' dir='ltr'><strong>reliquisse</strong></span> <span class='ocrx_word' id='word_1_68' title='bbox 937 1460 1096 1537; x_wconf 90' lang='lat' dir='ltr'><strong>putemus.</strong></span> <span class='ocrx_word' id='word_1_69' title='bbox 1145 1453 1246 1522; x_wconf 81' lang='lat' dir='ltr'><strong>Certe</strong></span> <span class='ocrx_word' id='word_1_70' title='bbox 1272 1453 1467 1522; x_wconf 86' lang='lat' dir='ltr'><strong>Mnesiclea</strong></span> 
     </span>
     <span class='ocr_line' id='line_1_11' title="bbox 331 1554 1468 1649; baseline -0.003 -18"><span class='ocrx_word' id='word_1_71' title='bbox 331 1565 513 1649; x_wconf 83' lang='lat' dir='ltr'><strong>propylaea</strong></span> <span class='ocrx_word' id='word_1_72' title='bbox 535 1581 600 1630; x_wconf 91' lang='lat' dir='ltr'><strong>uon</strong></span> <span class='ocrx_word' id='word_1_73' title='bbox 617 1561 758 1648; x_wconf 87' lang='lat' dir='ltr'><strong>viderat,</strong></span> <span class='ocrx_word' id='word_1_74' title='bbox 783 1581 854 1628; x_wconf 88' lang='lat' dir='ltr'><strong>cum</strong></span> <span class='ocrx_word' id='word_1_75' title='bbox 872 1561 1086 1630; x_wconf 91' lang='lat' dir='ltr'><strong>celeberrima</strong></span> <span class='ocrx_word' id='word_1_76' title='bbox 1109 1561 1168 1630; x_wconf 88' lang='lat' dir='ltr'><strong>illa</strong></span> <span class='ocrx_word' id='word_1_77' title='bbox 1183 1554 1291 1648; x_wconf 82' lang='lat' dir='ltr'><strong>verba</strong></span> <span class='ocrx_word' id='word_1_78' title='bbox 1319 1563 1363 1629; x_wconf 90' lang='lat' dir='ltr'><strong>de</strong></span> <span class='ocrx_word' id='word_1_79' title='bbox 1389 1579 1468 1645; x_wconf 87' lang='lat' dir='ltr'><strong>qua·</strong></span> 
     </span>
     <span class='ocr_line' id='line_1_12' title="bbox 334 1665 1467 1759; baseline -0.006 -20"><span class='ocrx_word' id='word_1_80' title='bbox 334 1671 430 1756; x_wconf 85' lang='lat' dir='ltr'><strong>driga</strong></span> <span class='ocrx_word' id='word_1_81' title='bbox 453 1674 558 1759; x_wconf 73' lang='lat' dir='ltr'><strong>aenea</strong></span> <span class='ocrx_word' id='word_1_82' title='bbox 575 1689 616 1737; x_wconf 91' lang='lat' dir='ltr'><strong>ex</strong></span> <span class='ocrx_word' id='word_1_83' title='bbox 631 1669 756 1752; x_wconf 90' lang='lat' dir='ltr'><strong>praeda</strong></span> <span class='ocrx_word' id='word_1_84' title='bbox 772 1668 965 1737; x_wconf 78' lang='lat' dir='ltr'><strong>Chalcidica</strong></span> <span class='ocrx_word' id='word_1_85' title='bbox 989 1669 1142 1738; x_wconf 88' lang='lat' dir='ltr'><strong>dedicata</strong></span> <span class='ocrx_word' id='word_1_86' title='bbox 1166 1667 1351 1739; x_wconf 80' lang='lat' dir='ltr'><strong>scriberet:</strong></span> <span class='ocrx_word' id='word_1_87' title='bbox 1373 1665 1412 1734; x_wconf 89' lang='grc' dir='ltr'><strong>τὸ</strong></span> <span class='ocrx_word' id='word_1_88' title='bbox 1435 1671 1467 1732; x_wconf 75' lang='grc' dir='ltr'><strong>δὲ</strong></span> 
     </span>
     <span class='ocr_line' id='line_1_13' title="bbox 334 1775 1469 1860; baseline -0.004 -18"><span class='ocrx_word' id='word_1_89' title='bbox 334 1779 493 1860; x_wconf 76' lang='grc' dir='ltr'><em>ἀριστερῆς</em></span> <span class='ocrx_word' id='word_1_90' title='bbox 509 1777 601 1860; x_wconf 80' lang='grc' dir='ltr'><em>χερὸς</em></span> <span class='ocrx_word' id='word_1_91' title='bbox 617 1778 724 1858; x_wconf 77' lang='grc' dir='ltr'><em>ἕστηκε</em></span> <span class='ocrx_word' id='word_1_92' title='bbox 739 1779 870 1858; x_wconf 76' lang='grc' dir='ltr'><em>πρῶτον</em></span> <span class='ocrx_word' id='word_1_93' title='bbox 886 1775 996 1852; x_wconf 60' lang='lat' dir='ltr'><strong>equom</strong></span> <span class='ocrx_word' id='word_1_94' title='bbox 1007 1778 1042 1854; x_wconf 82' lang='grc' dir='ltr'><strong>-ἐς</strong></span> <span class='ocrx_word' id='word_1_95' title='bbox 1057 1775 1094 1840; x_wconf 85' lang='grc' dir='ltr'><strong>τὰ</strong></span> <span class='ocrx_word' id='word_1_96' title='bbox 1109 1775 1296 1858; x_wconf 78' lang='grc' dir='ltr'><em>προπύλαια</em></span> <span class='ocrx_word' id='word_1_97' title='bbox 1313 1775 1358 1841; x_wconf 82' lang='grc' dir='ltr'><strong>τὰ</strong></span> <span class='ocrx_word' id='word_1_98' title='bbox 1381 1778 1418 1842; x_wconf 78' lang='grc' dir='ltr'><strong>ἐν</strong></span> <span class='ocrx_word' id='word_1_99' title='bbox 1433 1779 1469 1857; x_wconf 77' lang='grc' dir='ltr'><strong>τῇ</strong></span> 
     </span>
     <span class='ocr_line' id='line_1_14' title="bbox 335 1881 1468 1968; baseline 0.001 -19"><span class='ocrx_word' id='word_1_100' title='bbox 335 1886 497 1966; x_wconf 75' lang='grc' dir='ltr'><em>ἀκροπόλι.</em></span> <span class='ocrx_word' id='word_1_101' title='bbox 515 1885 726 1967; x_wconf 51' lang='grc'>6181777).</span> <span class='ocrx_word' id='word_1_102' title='bbox 743 1883 800 1952; x_wconf 88' lang='lat' dir='ltr'><strong>Sie</strong></span> <span class='ocrx_word' id='word_1_103' title='bbox 808 1881 874 1951; x_wconf 89' lang='lat' dir='ltr'><strong>nim</strong></span> <span class='ocrx_word' id='word_1_104' title='bbox 887 1884 1068 1968; x_wconf 88' lang='lat' dir='ltr'><strong>propylaea</strong></span> <span class='ocrx_word' id='word_1_105' title='bbox 1080 1883 1313 1960; x_wconf 85' lang='lat' dir='ltr'><strong>vidisset,uou</strong></span> <span class='ocrx_word' id='word_1_106' title='bbox 1323 1884 1468 1952; x_wconf 84' lang='lat' dir='ltr'><strong>dixisset</strong></span> 
     </span>
     <span class='ocr_line' id='line_1_15' title="bbox 334 1990 1480 2075; baseline -0.002 -17"><span class='ocrx_word' id='word_1_107' title='bbox 334 1995 575 2059; x_wconf 91' lang='lat' dir='ltr'><strong>monumentum</strong></span> <span class='ocrx_word' id='word_1_108' title='bbox 607 1992 687 2059; x_wconf 93' lang='lat' dir='ltr'><strong>illud</strong></span> <span class='ocrx_word' id='word_1_109' title='bbox 718 1990 943 2059; x_wconf 80' lang='lat' dir='ltr'><strong>Chalcidicum</strong></span> <span class='ocrx_word' id='word_1_110' title='bbox 979 1991 1120 2058; x_wconf 85' lang='lat' dir='ltr'><strong>eximiae</strong></span> <span class='ocrx_word' id='word_1_111' title='bbox 1150 1990 1404 2075; x_wconf 79' lang='lat' dir='ltr'><strong>magnitudinis</strong></span> <span class='ocrx_word' id='word_1_112' title='bbox 1434 1991 1480 2058; x_wconf 84' lang='lat' dir='ltr'><strong>iu</strong></span> 
     </span>
     <span class='ocr_line' id='line_1_16' title="bbox 336 2097 1466 2186; baseline -0.001 -20"><span class='ocrx_word' id='word_1_113' title='bbox 336 2099 485 2166; x_wconf 89' lang='lat' dir='ltr'><strong>aedificio</strong></span> <span class='ocrx_word' id='word_1_114' title='bbox 510 2099 566 2165; x_wconf 92' lang='lat' dir='ltr'><strong>illo</strong></span> <span class='ocrx_word' id='word_1_115' title='bbox 590 2099 735 2166; x_wconf 86' lang='lat' dir='ltr'><strong>stetisse.</strong></span> <span class='ocrx_word' id='word_1_116' title='bbox 782 2097 945 2183; x_wconf 78' lang='lat' dir='ltr'><strong>Quoniam</strong></span> <span class='ocrx_word' id='word_1_117' title='bbox 961 2104 1071 2166; x_wconf 91' lang='lat' dir='ltr'><strong>autem</strong></span> <span class='ocrx_word' id='word_1_118' title='bbox 1088 2100 1148 2165; x_wconf 89' lang='lat' dir='ltr'><strong>hoc</strong></span> <span class='ocrx_word' id='word_1_119' title='bbox 1166 2098 1257 2183; x_wconf 88' lang='lat' dir='ltr'><strong>dicit,</strong></span> <span class='ocrx_word' id='word_1_120' title='bbox 1276 2100 1466 2186; x_wconf 86' lang='lat' dir='ltr'><strong>propylaea</strong></span> 
     </span>
     <span class='ocr_line' id='line_1_17' title="bbox 334 2204 1464 2291; baseline -0.002 -18"><span class='ocrx_word' id='word_1_121' title='bbox 334 2208 431 2291; x_wconf 90' lang='lat' dir='ltr'><strong>paulo</strong></span> <span class='ocrx_word' id='word_1_122' title='bbox 456 2210 536 2274; x_wconf 91' lang='lat' dir='ltr'><strong>ante</strong></span> <span class='ocrx_word' id='word_1_123' title='bbox 560 2205 690 2272; x_wconf 91' lang='lat' dir='ltr'><strong>initium</strong></span> <span class='ocrx_word' id='word_1_124' title='bbox 713 2205 793 2272; x_wconf 91' lang='lat' dir='ltr'><strong>belli</strong></span> <span class='ocrx_word' id='word_1_125' title='bbox 818 2205 860 2271; x_wconf 90' lang='lat' dir='ltr'><strong>ad</strong></span> <span class='ocrx_word' id='word_1_126' title='bbox 875 2204 970 2271; x_wconf 90' lang='lat' dir='ltr'><strong>finem</strong></span> <span class='ocrx_word' id='word_1_127' title='bbox 987 2207 1151 2288; x_wconf 90' lang='lat' dir='ltr'><strong>perducta</strong></span> <span class='ocrx_word' id='word_1_128' title='bbox 1165 2224 1230 2273; x_wconf 92' lang='lat' dir='ltr'><strong>non</strong></span> <span class='ocrx_word' id='word_1_129' title='bbox 1246 2206 1340 2275; x_wconf 88' lang='lat' dir='ltr'><strong>vidit</strong></span> <span class='ocrx_word' id='word_1_130' title='bbox 1357 2225 1464 2290; x_wconf 86' lang='lat' dir='ltr'><strong>neque</strong></span> 
     </span>
     <span class='ocr_line' id='line_1_18' title="bbox 334 2311 1466 2404; baseline 0 -24"><span class='ocrx_word' id='word_1_131' title='bbox 334 2318 413 2380; x_wconf 91' lang='lat' dir='ltr'><strong>tunc</strong></span> <span class='ocrx_word' id='word_1_132' title='bbox 448 2313 595 2381; x_wconf 84' lang='lat' dir='ltr'><strong>Athenis</strong></span> <span class='ocrx_word' id='word_1_133' title='bbox 633 2315 716 2380; x_wconf 90' lang='lat' dir='ltr'><strong>erat.</strong></span> <span class='ocrx_word' id='word_1_134' title='bbox 766 2311 842 2378; x_wconf 90' lang='lat' dir='ltr'><strong>Non</strong></span> <span class='ocrx_word' id='word_1_135' title='bbox 878 2329 975 2395; x_wconf 88' lang='lat' dir='ltr'><strong>posse</strong></span> <span class='ocrx_word' id='word_1_136' title='bbox 1010 2317 1121 2380; x_wconf 89' lang='lat' dir='ltr'><strong>autem</strong></span> <span class='ocrx_word' id='word_1_137' title='bbox 1154 2315 1260 2404; x_wconf 86' lang='lat' dir='ltr'><strong>verba</strong></span> <span class='ocrx_word' id='word_1_138' title='bbox 1292 2312 1466 2384; x_wconf 81' lang='lat' dir='ltr'><strong>Herodoti</strong></span> 
     </span>
     <span class='ocr_line' id='line_1_19' title="bbox 336 2419 1485 2508; baseline 0 -21"><span class='ocrx_word' id='word_1_139' title='bbox 336 2421 433 2488; x_wconf 90' lang='lat' dir='ltr'><strong>aliter</strong></span> <span class='ocrx_word' id='word_1_140' title='bbox 455 2420 599 2505; x_wconf 82' lang='lat' dir='ltr'><strong>intelligi</strong></span> <span class='ocrx_word' id='word_1_141' title='bbox 621 2421 686 2489; x_wconf 90' lang='lat' dir='ltr'><strong>nisi</strong></span> <span class='ocrx_word' id='word_1_142' title='bbox 706 2420 767 2505; x_wconf 92' lang='lat' dir='ltr'><strong>ita,</strong></span> <span class='ocrx_word' id='word_1_143' title='bbox 791 2425 830 2487; x_wconf 91' lang='lat' dir='ltr'><strong>ut</strong></span> <span class='ocrx_word' id='word_1_144' title='bbox 853 2419 1014 2508; x_wconf 82' lang='lat' dir='ltr'><strong>quadriga</strong></span> <span class='ocrx_word' id='word_1_145' title='bbox 1035 2421 1126 2488; x_wconf 90' lang='lat' dir='ltr'><strong>intra</strong></span> <span class='ocrx_word' id='word_1_146' title='bbox 1150 2420 1280 2488; x_wconf 86' lang='lat' dir='ltr'><strong>domum</strong></span> <span class='ocrx_word' id='word_1_147' title='bbox 1311 2421 1485 2502; x_wconf 80' lang='lat' dir='ltr'><strong>includa-¹</strong></span> 
     </span>
     <span class='ocr_line' id='line_1_20' title="bbox 335 2525 1463 2616; baseline 0.002 -21"><span class='ocrx_word' id='word_1_148' title='bbox 335 2536 401 2609; x_wconf 87' lang='lat' dir='ltr'><strong>tur,</strong></span> <span class='ocrx_word' id='word_1_149' title='bbox 426 2533 520 2596; x_wconf 87' lang='lat' dir='ltr'><strong>recte</strong></span> <span class='ocrx_word' id='word_1_150' title='bbox 544 2529 619 2595; x_wconf 89' lang='lat' dir='ltr'><strong>olim</strong></span> <span class='ocrx_word' id='word_1_151' title='bbox 637 2525 944 2598; x_wconf 88' lang='lat' dir='ltr'><strong>Wachsmuthius</strong></span> <span class='ocrx_word' id='word_1_152' title='bbox 969 2529 1084 2610; x_wconf 75' lang='lat' dir='ltr'><strong>sensit,</strong></span> <span class='ocrx_word' id='word_1_153' title='bbox 1109 2528 1253 2595; x_wconf 85' lang='lat' dir='ltr'><strong>Bursian</strong></span> <span class='ocrx_word' id='word_1_154' title='bbox 1281 2535 1322 2594; x_wconf 82' lang='lat'><strong>17</strong></span> <span class='ocrx_word' id='word_1_155' title='bbox 1346 2529 1463 2616; x_wconf 84' lang='grc'>(1879)</span> 
     </span>
     <span class='ocr_line' id='line_1_21' title="bbox 334 2633 1461 2719; baseline 0.001 -19"><span class='ocrx_word' id='word_1_156' title='bbox 334 2652 411 2718; x_wconf 86' lang='lat' dir='ltr'><strong>pag.</strong></span> <span class='ocrx_word' id='word_1_157' title='bbox 434 2641 475 2698; x_wconf 82' lang='lat'><strong>92</strong></span> <span class='ocrx_word' id='word_1_158' title='bbox 499 2638 681 2719; x_wconf 86' lang='lat' dir='ltr'><strong>posteaque</strong></span> <span class='ocrx_word' id='word_1_159' title='bbox 705 2634 846 2703; x_wconf 90' lang='lat' dir='ltr'><strong>vidimus</strong></span> <span class='ocrx_word' id='word_1_160' title='bbox 869 2633 1089 2718; x_wconf 85' lang='lat' dir='ltr'><strong>fragmentum</strong></span> <span class='ocrx_word' id='word_1_161' title='bbox 1114 2635 1212 2712; x_wconf 86' lang='lat' dir='ltr'><strong>tituli,</strong></span> <span class='ocrx_word' id='word_1_162' title='bbox 1246 2636 1305 2717; x_wconf 88' lang='lat' dir='ltr'><strong>qui</strong></span> <span class='ocrx_word' id='word_1_163' title='bbox 1329 2637 1367 2705; x_wconf 92' lang='lat' dir='ltr'><strong>in</strong></span> <span class='ocrx_word' id='word_1_164' title='bbox 1390 2634 1461 2703; x_wconf 89' lang='lat' dir='ltr'><strong>basi</strong></span> 
     </span>
     <span class='ocr_line' id='line_1_22' title="bbox 335 2738 1460 2827; baseline 0.001 -19"><span class='ocrx_word' id='word_1_165' title='bbox 335 2740 532 2823; x_wconf 71' lang='lat' dir='ltr'><strong>antiquioris</strong></span> <span class='ocrx_word' id='word_1_166' title='bbox 556 2741 646 2810; x_wconf 88' lang='lat' dir='ltr'><strong>illius</strong></span> <span class='ocrx_word' id='word_1_167' title='bbox 670 2740 861 2827; x_wconf 86' lang='lat' dir='ltr'><strong>quadrigae,</strong></span> <span class='ocrx_word' id='word_1_168' title='bbox 886 2740 926 2808; x_wconf 92' lang='lat' dir='ltr'><strong>de</strong></span> <span class='ocrx_word' id='word_1_169' title='bbox 949 2761 1014 2824; x_wconf 90' lang='lat' dir='ltr'><strong>qua</strong></span> <span class='ocrx_word' id='word_1_170' title='bbox 1037 2738 1298 2812; x_wconf 84' lang='lat' dir='ltr'><strong>Kirohhollius</strong></span> <span class='ocrx_word' id='word_1_171' title='bbox 1317 2744 1354 2812; x_wconf 92' lang='lat' dir='ltr'><strong>in</strong></span> <span class='ocrx_word' id='word_1_172' title='bbox 1377 2741 1460 2811; x_wconf 89' lang='lat' dir='ltr'><strong>actis</strong></span> 
     </span>
     <span class='ocr_line' id='line_1_23' title="bbox 334 2848 1457 2940; baseline -0.003 -24"><span class='ocrx_word' id='word_1_173' title='bbox 334 2849 421 2918; x_wconf 91' lang='lat' dir='ltr'><strong>univ.</strong></span> <span class='ocrx_word' id='word_1_174' title='bbox 436 2851 546 2917; x_wconf 92' lang='lat' dir='ltr'><strong>Berol.</strong></span> <span class='ocrx_word' id='word_1_175' title='bbox 566 2855 648 2915; x_wconf 85' lang='lat'>1889</span> <span class='ocrx_word' id='word_1_176' title='bbox 675 2848 922 2934; x_wconf 59' lang='lat' dir='ltr'><strong>disputavitn‘),</strong></span> <span class='ocrx_word' id='word_1_177' title='bbox 948 2854 1107 2918; x_wconf 84' lang='lat' dir='ltr'><strong>exaratus</strong></span> <span class='ocrx_word' id='word_1_178' title='bbox 1130 2854 1215 2926; x_wconf 89' lang='lat' dir='ltr'><strong>erat,</strong></span> <span class='ocrx_word' id='word_1_179' title='bbox 1240 2867 1279 2917; x_wconf 92' lang='lat' dir='ltr'><strong>eo</strong></span> <span class='ocrx_word' id='word_1_180' title='bbox 1297 2851 1374 2935; x_wconf 89' lang='lat' dir='ltr'><strong>ipso</strong></span> <span class='ocrx_word' id='word_1_181' title='bbox 1391 2851 1457 2940; x_wconf 88' lang='lat' dir='ltr'><strong>loco</strong></span> 
     </span>
     <span class='ocr_line' id='line_1_24' title="bbox 335 2953 1456 3042; baseline -0.003 -18"><span class='ocrx_word' id='word_1_182' title='bbox 335 2958 506 3026; x_wconf 87' lang='lat' dir='ltr'><strong>inventum</strong></span> <span class='ocrx_word' id='word_1_183' title='bbox 538 2976 621 3042; x_wconf 89' lang='lat' dir='ltr'><strong>esse,</strong></span> <span class='ocrx_word' id='word_1_184' title='bbox 653 2956 709 3025; x_wconf 87' lang='lat' dir='ltr'><strong>ubi</strong></span> <span class='ocrx_word' id='word_1_185' title='bbox 739 2953 1046 3032; x_wconf 85' lang='lat' dir='ltr'><strong>Waohsmuthius</strong></span> <span class='ocrx_word' id='word_1_186' title='bbox 1076 2956 1272 3041; x_wconf 82' lang='lat' dir='ltr'><strong>quadrigam</strong></span> <span class='ocrx_word' id='word_1_187' title='bbox 1294 2959 1456 3031; x_wconf 86' lang='lat' dir='ltr'><strong>collocare</strong></span> 
     </span>
    </p>
   </div>
   <div class='ocr_carea' id='block_1_3' title="bbox 334 3066 1204 3258">
    <p class='ocr_par' dir='ltr' id='par_1_4' title="bbox 334 3066 1204 3258">
     <span class='ocr_line' id='line_1_25' title="bbox 334 3066 494 3134; baseline -0.006 0"><span class='ocrx_word' id='word_1_188' title='bbox 334 3066 494 3134; x_wconf 84' lang='lat' dir='ltr'><strong>voluerat.</strong></span> 
     </span>
     <span class='ocr_line' id='line_1_26' title="bbox 637 3169 1204 3258; baseline -0.002 -18"><span class='ocrx_word' id='word_1_189' title='bbox 637 3171 675 3240; x_wconf 84' lang='lat'><strong>0.</strong></span> <span class='ocrx_word' id='word_1_190' title='bbox 699 3172 733 3241; x_wconf 91' lang='lat' dir='ltr'><strong>J.</strong></span> <span class='ocrx_word' id='word_1_191' title='bbox 758 3169 801 3240; x_wconf 87' lang='grc' dir='ltr'><strong>Α.</strong></span> <span class='ocrx_word' id='word_1_192' title='bbox 826 3171 887 3255; x_wconf 90' lang='lat' dir='ltr'><strong>IV,</strong></span> <span class='ocrx_word' id='word_1_193' title='bbox 912 3177 942 3258; x_wconf 86' lang='lat'><strong>2,</strong></span> <span class='ocrx_word' id='word_1_194' title='bbox 967 3171 1142 3258; x_wconf 54' lang='lat' dir='ltr'><strong>addam)</strong></span> <span class='ocrx_word' id='word_1_195' title='bbox 1201 3193 1204 3198; x_wconf 90' lang='lat'>·</span> 
     </span>
    </p>
   </div>
   <div class='ocr_carea' id='block_1_4' title="bbox 334 3348 1578 3738">
    <p class='ocr_par' dir='ltr' id='par_1_5' title="bbox 334 3348 1578 3738">
     <span class='ocr_line' id='line_1_27' title="bbox 423 3348 1450 3434; baseline -0.003 -17"><span class='ocrx_word' id='word_1_196' title='bbox 423 3349 590 3434; x_wconf 89' lang='lat' dir='ltr'><strong>Deinceps</strong></span> <span class='ocrx_word' id='word_1_197' title='bbox 626 3348 788 3420; x_wconf 82' lang='lat' dir='ltr'><strong>Roesius</strong></span> <span class='ocrx_word' id='word_1_198' title='bbox 819 3350 853 3416; x_wconf 93' lang='lat' dir='ltr'><strong>in</strong></span> <span class='ocrx_word' id='word_1_199' title='bbox 887 3349 1161 3418; x_wconf 82' lang='lat' dir='ltr'><strong>commentatione</strong></span> <span class='ocrx_word' id='word_1_200' title='bbox 1192 3349 1233 3416; x_wconf 89' lang='lat' dir='ltr'><strong>de</strong></span> <span class='ocrx_word' id='word_1_201' title='bbox 1256 3351 1450 3418; x_wconf 83' lang='lat' dir='ltr'><strong>emblemate</strong></span> 
     </span>
     <span class='ocr_line' id='line_1_28' title="bbox 335 3421 1578 3554; baseline -0.003 -30"><span class='ocrx_word' id='word_1_202' title='bbox 335 3455 537 3541; x_wconf 80' lang='lat' dir='ltr'><strong>Thucydidis</strong></span> <span class='ocrx_word' id='word_1_203' title='bbox 561 3458 652 3540; x_wconf 85' lang='lat' dir='ltr'><strong>(th.</strong></span> <span class='ocrx_word' id='word_1_204' title='bbox 680 3461 740 3522; x_wconf 77' lang='lat'><strong>115</strong></span> <span class='ocrx_word' id='word_1_205' title='bbox 766 3459 882 3541; x_wconf 82' lang='grc'>(1877)</span> <span class='ocrx_word' id='word_1_206' title='bbox 904 3475 981 3541; x_wconf 88' lang='lat' dir='ltr'><strong>pag.</strong></span> <span class='ocrx_word' id='word_1_207' title='bbox 1008 3458 1084 3539; x_wconf 84' lang='lat'>261)</span> <span class='ocrx_word' id='word_1_208' title='bbox 1108 3457 1267 3538; x_wconf 87' lang='lat' dir='ltr'><strong>quosdam</strong></span> <span class='ocrx_word' id='word_1_209' title='bbox 1282 3457 1377 3526; x_wconf 86' lang='lat' dir='ltr'><strong>locos</strong></span> <span class='ocrx_word' id='word_1_210' title='bbox 1404 3457 1451 3522; x_wconf 87' lang='lat' dir='ltr'><strong>de</strong></span> <span class='ocrx_word' id='word_1_211' title='bbox 1576 3421 1578 3554; x_wconf 55' lang='lat' dir='ltr'><strong>i</strong></span> 
     </span>
     <span class='ocr_line' id='line_1_29' title="bbox 334 3562 1453 3650; baseline -0.004 -19"><span class='ocrx_word' id='word_1_212' title='bbox 334 3563 429 3646; x_wconf 85' lang='lat' dir='ltr'><strong>texit,</strong></span> <span class='ocrx_word' id='word_1_213' title='bbox 460 3562 577 3647; x_wconf 88' lang='lat' dir='ltr'><strong>quibus</strong></span> <span class='ocrx_word' id='word_1_214' title='bbox 605 3583 781 3641; x_wconf 89' lang='lat' dir='ltr'><strong>monemur,</strong></span> <span class='ocrx_word' id='word_1_215' title='bbox 811 3571 849 3634; x_wconf 92' lang='lat' dir='ltr'><strong>ut</strong></span> <span class='ocrx_word' id='word_1_216' title='bbox 876 3565 1085 3637; x_wconf 88' lang='lat' dir='ltr'><strong>Herodotum</strong></span> <span class='ocrx_word' id='word_1_217' title='bbox 1108 3583 1163 3632; x_wconf 86' lang='lat' dir='ltr'><strong>eos</strong></span> <span class='ocrx_word' id='word_1_218' title='bbox 1187 3565 1362 3650; x_wconf 88' lang='lat' dir='ltr'><strong>scripsisse</strong></span> <span class='ocrx_word' id='word_1_219' title='bbox 1387 3579 1453 3631; x_wconf 90' lang='lat' dir='ltr'><strong>ore·</strong></span> 
     </span>
     <span class='ocr_line' id='line_1_30' title="bbox 335 3670 616 3738; baseline 0.007 -2"><span class='ocrx_word' id='word_1_220' title='bbox 335 3671 449 3738; x_wconf 85' lang='lat' dir='ltr'><strong>damus</strong></span> <span class='ocrx_word' id='word_1_221' title='bbox 474 3670 616 3738; x_wconf 75' lang='lat' dir='ltr'><strong>Thuriis.</strong></span> 
     </span>
    </p>
   </div>
   <div class='ocr_carea' id='block_1_5' title="bbox 424 3767 1578 3900">
    <p class='ocr_par' dir='ltr' id='par_1_6' title="bbox 424 3749 1578 3900">
     <span class='ocr_line' id='line_1_31' title="bbox 424 3767 1578 3900; baseline -0.008 -56"><span class='ocrx_word' id='word_1_222' title='bbox 424 3778 555 3861; x_wconf 90' lang='lat' dir='ltr'><strong>Itaque,</strong></span> <span class='ocrx_word' id='word_1_223' title='bbox 580 3777 711 3861; x_wconf 84' lang='lat' dir='ltr'><strong>quando</strong></span> <span class='ocrx_word' id='word_1_224' title='bbox 728 3767 956 3861; x_wconf 89' lang='lat' dir='ltr'><strong>quidemnihil</strong></span> <span class='ocrx_word' id='word_1_225' title='bbox 971 3783 1106 3857; x_wconf 86' lang='lat' dir='ltr'><strong>obstare</strong></span> <span class='ocrx_word' id='word_1_226' title='bbox 1120 3779 1263 3865; x_wconf 85' lang='lat' dir='ltr'><strong>videtur,</strong></span> <span class='ocrx_word' id='word_1_227' title='bbox 1286 3782 1369 3864; x_wconf 89' lang='lat' dir='ltr'><strong>puto</strong></span> <span class='ocrx_word' id='word_1_228' title='bbox 1386 3775 1452 3846; x_wconf 89' lang='lat' dir='ltr'><strong>He·</strong></span> <span class='ocrx_word' id='word_1_229' title='bbox 1576 3779 1578 3900; x_wconf 87' lang='grc'>)</span> 
     </span>
    </p>
   </div>
   <div class='ocr_carea' id='block_1_6' title="bbox 335 3925 547 3933">
    <p class='ocr_par' dir='ltr' id='par_1_7' title="bbox 335 3925 547 3933">
     <span class='ocr_line' id='line_1_32' title="bbox 335 3925 547 3933; baseline -0.005 -1"><span class='ocrx_word' id='word_1_230' title='bbox 335 3925 547 3933; x_wconf 43' lang='lat' dir='ltr'><strong>u——Q--Q-</strong></span> 
     </span>
    </p>
   </div>
   <div class='ocr_carea' id='block_1_7' title="bbox 337 3977 1578 4332">
    <p class='ocr_par' dir='ltr' id='par_1_8' title="bbox 337 3977 1578 4332">
     <span class='ocr_line' id='line_1_33' title="bbox 422 3977 1578 4094; baseline 0 -46"><span class='ocrx_word' id='word_1_231' title='bbox 422 3993 450 4062; x_wconf 88' lang='lat'><strong>*)</strong></span> <span class='ocrx_word' id='word_1_232' title='bbox 468 3993 620 4049; x_wconf 85' lang='lat' dir='ltr'><strong>Bormann</strong></span> <span class='ocrx_word' id='word_1_233' title='bbox 638 3993 720 4048; x_wconf 81' lang='lat' dir='ltr'><strong>Arch.</strong></span> <span class='ocrx_word' id='word_1_234' title='bbox 740 3991 827 4062; x_wconf 81' lang='lat' dir='ltr'><strong>epigr.</strong></span> <span class='ocrx_word' id='word_1_235' title='bbox 847 3991 922 4048; x_wconf 85' lang='lat' dir='ltr'><strong>llitt.</strong></span> <span class='ocrx_word' id='word_1_236' title='bbox 942 4007 993 4048; x_wconf 86' lang='lat' dir='ltr'><strong>aus</strong></span> <span class='ocrx_word' id='word_1_237' title='bbox 1012 3977 1085 4052; x_wconf 70' lang='lat' dir='ltr'><strong>datr.</strong></span> <span class='ocrx_word' id='word_1_238' title='bbox 1105 3994 1198 4066; x_wconf 83' lang='lat'>(1894)</span> <span class='ocrx_word' id='word_1_239' title='bbox 1216 4009 1280 4065; x_wconf 87' lang='lat' dir='ltr'><strong>pag.</strong></span> <span class='ocrx_word' id='word_1_240' title='bbox 1299 3994 1360 4048; x_wconf 77' lang='lat'>236.</span> <span class='ocrx_word' id='word_1_241' title='bbox 1576 3979 1578 4094; x_wconf 80' lang='grc'>)</span> 
     </span>
     <span class='ocr_line' id='line_1_34' title="bbox 410 4080 914 4154; baseline 0.01 -21"><span class='ocrx_word' id='word_1_242' title='bbox 410 4080 451 4152; x_wconf 81' lang='grc'><strong>**)</strong></span> <span class='ocrx_word' id='word_1_243' title='bbox 470 4080 589 4138; x_wconf 83' lang='lat' dir='ltr'><strong>Bursian</strong></span> <span class='ocrx_word' id='word_1_244' title='bbox 608 4085 642 4139; x_wconf 92' lang='grc'><strong>71</strong></span> <span class='ocrx_word' id='word_1_245' title='bbox 661 4081 753 4154; x_wconf 79' lang='grc'>(1892)</span> <span class='ocrx_word' id='word_1_246' title='bbox 771 4097 834 4152; x_wconf 81' lang='lat' dir='ltr'><strong>pag.</strong></span> <span class='ocrx_word' id='word_1_247' title='bbox 855 4086 914 4140; x_wconf 91' lang='grc'>160.</span> 
     </span>
     <span class='ocr_line' id='line_1_35' title="bbox 392 4163 1447 4242; baseline 0 -18"><span class='ocrx_word' id='word_1_248' title='bbox 392 4170 449 4242; x_wconf 59' lang='grc'><strong>1119)</strong></span> <span class='ocrx_word' id='word_1_249' title='bbox 468 4170 622 4226; x_wconf 82' lang='lat' dir='ltr'><strong>Pausanias</strong></span> <span class='ocrx_word' id='word_1_250' title='bbox 650 4169 693 4228; x_wconf 90' lang='lat' dir='ltr'><strong>ed.</strong></span> <span class='ocrx_word' id='word_1_251' title='bbox 721 4169 964 4242; x_wconf 83' lang='lat' dir='ltr'><strong>Hitaig·Bllimuer</strong></span> <span class='ocrx_word' id='word_1_252' title='bbox 988 4173 1081 4240; x_wconf 87' lang='grc'>(1898)</span> <span class='ocrx_word' id='word_1_253' title='bbox 1105 4188 1168 4242; x_wconf 81' lang='lat' dir='ltr'><strong>pag.</strong></span> <span class='ocrx_word' id='word_1_254' title='bbox 1192 4175 1253 4231; x_wconf 87' lang='lat'><strong>303.</strong></span> <span class='ocrx_word' id='word_1_255' title='bbox 1275 4170 1382 4231; x_wconf 79' lang='lat' dir='ltr'><strong>Busolt</strong></span> <span class='ocrx_word' id='word_1_256' title='bbox 1404 4163 1447 4219; x_wconf 81' lang='lat' dir='ltr'><strong>Gr·</strong></span> 
     </span>
     <span class='ocr_line' id='line_1_36' title="bbox 337 4257 769 4332; baseline 0.002 -16"><span class='ocrx_word' id='word_1_257' title='bbox 337 4259 437 4316; x_wconf 71' lang='lat' dir='ltr'><strong>(leuch</strong></span> <span class='ocrx_word' id='word_1_258' title='bbox 452 4257 500 4314; x_wconf 75' lang='lat'><strong>11²</strong></span> <span class='ocrx_word' id='word_1_259' title='bbox 518 4259 608 4332; x_wconf 78' lang='grc'>(1896)</span> <span class='ocrx_word' id='word_1_260' title='bbox 626 4275 689 4332; x_wconf 85' lang='lat' dir='ltr'><strong>pag.</strong></span> <span class='ocrx_word' id='word_1_261' title='bbox 709 4264 769 4317; x_wconf 82' lang='grc'>418.</span> 
     </span>
    </p>
   </div>
   <div class='ocr_carea' id='block_1_8' title="bbox 0 0 1620 4932">
    <p class='ocr_par' dir='ltr' id='par_1_9' title="bbox 0 0 1620 4932">
     <span class='ocr_line' id='line_1_37' title="bbox 0 0 1620 4932; baseline 0 0"><span class='ocrx_word' id='word_1_262' title='bbox 0 0 1620 4932; x_wconf 95' lang='lat' dir='ltr'><strong> </strong></span> 
     </span>
    </p>
   </div>
  </div>
 </body>
</html>
