3232 4938
661 426 877 482 ..19-

208 600 320 665 hulam
358 597 398 664 de
434 597 622 668 Plesirrhoo
659 616 731 664 cum
770 597 933 666 Thessalo
972 597 1098 692 editore
1134 600 1329 684 scriptorum

207 705 508 788 Hippocrateorum
537 705 751 787 comparavit.
791 703 968 774 Larochii
993 712 1105 773 autem
1125 717 1331 792 argumenta,
1389 719 1391 726 ‘

211 832 294 895 quae
324 817 401 879 cont
402 831 441 882 ra
469 811 678 880 authentiam
709 831 750 879 ex
771 813 886 897 figuris
909 817 945 880 et
968 817 1076 880 struet
1061 819 1137 882 tura
1160 817 1331 883 verborum

215 921 380 1004 petiverat
412 920 536 1005 (1859)
569 939 589 986 a
622 918 853 990 Nitzsohio
844 940 879 987 ιιι
908 928 1155 1005 programmate
1120 922 1295 1003 tfelicit
1281 931 1334 989 ter

213 1028 391 1112 redarguta
414 1028 548 1111 sunt1(1
554 1023 690 1112 860).ι)

301 1134 444 1201 Miratus
477 1139 536 1201 aut
538 1154 587 1201 ern
618 1154 698 1216 sum,
728 1135 813 1216 quod
836 1155 941 1217 neque
965 1136 1020 1217 qui
1044 1135 1255 1205 addubitavit
1277 1157 1338 1204 ne·.

210 1262 274 1326 que
298 1241 354 1325 qui
377 1240 526 1308 defendit
547 1243 757 1326 prooemium,
785 1244 1001 1310 Plutarchum
1029 1243 1189 1326 adhibuit,
1213 1245 1268 1326 qui
1293 1245 1333 1311 de

212 1349 426 1434 malignitate
391 1349 613 1417 Herodoti
586 1354 708 1433 tcap.
735 1356 776 1414 26
802 1350 972 1418 consilium
994 1350 1153 1433 prooemii
1175 1352 1261 1417 male
1278 1352 1334 1419 de·

209 1457 330 1528 ιιιιιιιι.
389 1457 548 1540 Increpat
586 1457 632 1523 ioi
671 1457 823 1524 Herodot
808 1462 892 1541 turn,
932 1458 1017 1540 quod
1053 1458 1335 1526 Lacedaemonios

211 1583 316 1649 saepo
336 1563 430 1632 initio
455 1564 577 1633 mensis
601 1565 643 1631 ad
671 1584 816 1649 pugnam
838 1564 1005 1648 profectos
1030 1584 1103 1631 esse
1126 1565 1334 1649 ignoraverit

212 1678 261 1737 καί
289 1679 391 1735 ταῦτα
429 1667 467 1734 τὰ
505 1678 560 1751 τῆς
597 1669 749 1748 Ἑλλάδος
785 1671 1054 1750 ἐπαγγελλόμενος
1083 1672 1221 1754 1γράφειν
1262 1674 1327 1754 (lac

218 1786 344 1846 17--18
370 1779 399 1844 B
438 1785 476 1842 18
500 1781 553 1860 Ε),
590 1777 794 1854 ἐσπουδακώς
829 1782 862 1843 δὲ
895 1785 965 1858 περί
999 1777 1056 1856 τὰς
1089 1765 1226 1860 Ἀθήνας
1254 1827 1261 1842 .
1294 1829 1300 1842 .
1327 1831 1334 1844 .

211 1885 359 1958 Turnebi
387 1886 647 1969 supplementum
675 1886 816 1956 lacunae
844 1885 882 1950 τὰ
909 1889 977 1950 τῶν
1003 1885 1177 1966 βαρβάρων
1205 1887 1338 1967 ἐπαίρεις

212 2003 259 2080 τῷ
292 1993 380 2080 λόγῳ
412 1994 572 2059 absonum
603 2012 624 2059 a
656 1993 827 2060 sententia
858 1997 910 2058 est
945 1998 981 2059 et
1015 1994 1160 2076 spatium
1198 1993 1338 2060 excedit.

166 2141 169 2148 ·
221 2098 479 2170 Beruardakis
510 2099 544 2166 iu
575 2098 721 2165 editione
752 2093 926 2166 Plutarchi
958 2099 1072 2186 (1893)
1103 2102 1136 2171 V
1166 2120 1240 2185 pag.
1274 2107 1338 2166 ‘228

219 2207 300 2275 nihil
328 2205 503 2291 supplevit.
549 2207 625 2273 Hoc
656 2205 800 2273 fortasse
832 2212 925 2274 stare
954 2212 1078 2290 potest:
1103 2212 1155 2270 καί
1178 2215 1277 2270 ταῦτα
1300 2204 1340 2270 τὰ

218 2324 272 2395 τῆς
308 2313 459 2390 Ἑλλάδος
497 2314 765 2393 ἐπαγγελλόμενος
802 2315 933 2394 γράφειν
972 2313 1170 2378 παντάπασιν
1206 2311 1338 2393 ἀγνοεῖς.

218 2421 331 2489 Etiam
364 2421 439 2502 ἔργα
469 2421 589 2499 μεγάλα
618 2420 745 2508 Ιἀγνοεῖς
776 2425 853 2486 sunt
885 2427 921 2484 17
946 2421 1096 2497 litterae,
1129 2421 1187 2488 sed
1207 2421 1340 2488 nimium

219 2529 430 2596 intervallum
454 2530 543 2595 inter
566 2525 603 2590 τὰ
620 2534 655 2594 at
671 2527 746 2609 ἔργα
770 2524 883 2609 ειι.**)
919 2527 1119 2595 Plutarchus
1142 2527 1247 2612 igitur
1269 2548 1342 2611 pro·

216 2637 358 2705 oemium
381 2634 547 2704 Herodoti
569 2636 711 2720 legerat,
729 2635 814 2718 quod
835 2636 1044 2702 demonstrat
1058 2636 1139 2705 illud
1155 2635 1340 2716 ἐπαγγελλό-

214 2767 312 2822 μενος
334 2743 477 2825 γράφειν.
523 2743 579 2810 Ac
601 2763 643 2809 ne
667 2741 849 2831 Dionysio
873 2743 1003 2825 quidem
1028 2744 1226 2826 prooemium
1251 2743 1341 2828 igno·

215 2858 286 2918 turn
319 2855 403 2927 erat,
436 2848 491 2932 qui
522 2850 565 2916 ad
596 2851 709 2932 Pomp.
744 2854 762 2911 3
795 2869 871 2934 pag.
899 2857 939 2915 50
971 2851 1103 2918 Usener
1134 2848 1250 2936 (1889)
1281 2852 1343 2916 hoc

217 2957 367 3041 scripsit:
397 2953 507 3037 κοινὴν
533 2955 722 3037 Ἑλληνικῶν
751 2980 782 3020 τε
804 2962 855 3020 και
882 2960 1085 3038 βαρβαρικῶν
1108 2956 1256 3038 πράξεων
1278 2958 1341 3034 ἐξε-

220 3067 356 3146 νήνοχεν
379 3067 528 3149 ίστορίαν,
553 3065 593 3131 de
617 3065 717 3131 Thuc.
739 3071 758 3126 5
783 3063 993 3144 προελόμενος
1016 3063 1136 3138 πολλὰς
1157 3070 1209 3128 καί
1236 3063 1343 3143 διαφό-

219 3197 297 3254 ρους
319 3172 446 3253 πράξεις
469 3167 504 3235 ἔκ
527 3195 559 3235 τε
583 3173 636 3251 τῆς
660 3169 815 3252 Εὐρώπης
837 3169 871 3234 ἔκ
895 3194 930 3234 τε
951 3178 1005 3250 τῆς
1028 3171 1122 3248 Ἀσίας
1144 3172 1175 3248 ἐς
1196 3177 1270 3248 μίαν
1290 3196 1342 3236 πε-

220 3279 377 3361 ριγραφὴν
393 3285 602 3360 πραγματείας
618 3276 756 3358 ἀγαγεῖν.
781 3278 936 3363 Dionysii
948 3279 1074 3360 πράξεις
1087 3287 1164 3345 sunt
1176 3280 1343 3347 Herodoti

216 3388 306 3470 ἔργα,
331 3387 416 3469 quod
440 3384 608 3456 Steinius
633 3394 667 3453 et
693 3383 883 3456 Dielesius
902 3387 1058 3473 (Hermes
1084 3392 1124 3453 22
1143 3386 1254 3472 (1887)
1269 3406 1344 3472 pag.

218 3501 318 3560 440n
341 3494 567 3579 neglexerunt,
592 3513 665 3560 cum
691 3497 874 3560 verterent
888 3493 1129 3579 „Bauwerke“.

311 3602 384 3668 Iam
414 3601 509 3669 iuvat
537 3619 705 3683 quaerere,
736 3601 814 3681 quid
837 3600 1065 3667 Ptolemaeum
1089 3597 1259 3667 Chennnm
1284 3601 1343 3667 im·

219 3709 347 3794 pulisse
377 3708 541 3784 videatur,
574 3711 611 3773 ut
641 3705 844 3773 mendacium
879 3706 960 3773 illud
994 3708 1034 3773 de
1061 3707 1249 3774 Plesirrhoo
1273 3727 1345 3790 pro·

219 3817 336 3884 ferret.
383 3815 544 3898 Equidem
569 3813 616 3882 eis
640 3812 816 3896 assentior,
841 3832 925 3894 quae
949 3833 1053 3897 nuper
1076 3815 1163 3897 apud
1187 3814 1344 3886 Grevium

273 4064 276 4069 ¹
313 4083 340 4152 *)
358 4083 535 4140 Mistenko
555 4081 605 4136 der
619 4081 726 4150 Begiun
745 4080 909 4151 (προοίμιον)
928 4096 982 4135 von
995 4081 1136 4135 Herodoto
1150 4078 1345 4135 Geschichtsw.
1371 4042 1373 4046 -

221 4172 341 4243 Filolog.
367 4171 496 4228 ohozruie
521 4173 616 4243 (1897)
642 4171 906 4238 12,1pag.3—1o
930 4168 1067 4239 inspicere
1091 4169 1157 4224 mihi
1180 4185 1235 4224 non
1257 4169 1345 4224 licuit.

296 4261 338 4331 **)
356 4261 408 4317 Vel
426 4261 519 4330 potius
537 4260 677 4331 legamus:
697 4263 740 4310 καὶ
759 4260 805 4324 τῆς
823 4258 904 4314 italas
922 4257 1033 4326 ἀγνοεῖς.

1134 4349 1166 4402 2*
