3232 4938
781 415 1001 476 ...18-

331 589 520 678 Aegyptus,
555 596 592 656 ut
622 590 709 672 apud
740 591 944 672 Stephanum
974 587 1182 674 Byzantium.
1209 588 1289 673 Ι(11.
1325 590 1458 658 lexicon

332 701 497 784 Stephani
521 720 546 766 s.
571 720 601 770 v.
627 696 771 778 ὠγύγιος.
811 698 908 766 Alias
925 698 1025 766 etiam
1042 699 1184 767 Boeotia
1199 694 1321 779 ὠγυγίη
1344 699 1459 782 appel·
1581 693 1584 706 '

331 809 431 874 latur.
478 806 643 892 Quidquid
665 805 815 890 legimus,
840 807 975 891 vulgare
999 806 1091 873 tituli
1115 807 1384 889 supplementum
1410 806 1459 873 in·

332 920 456 982 certum
480 920 543 982 est.
1008 947 1010 950 ·

421 1023 551 1106 Titulus
575 1021 743 1090 recentior
764 1028 827 1090 est.
875 1022 978 1092 Velut
1000 1021 1068 1088 tria
1091 1020 1151 1087 illa
1181 1021 1335 1104 exempla
1364 1021 1460 1090 vocis

330 1128 445 1210 μάκαρ,
470 1138 555 1211 quae
572 1129 661 1212 apud
676 1127 889 1198 Keibelium
907 1131 939 1196 in
961 1129 1212 1213 epigrammatis
1229 1147 1269 1194 ex
1285 1128 1459 1212 lapidibus

332 1237 482 1304 collectis
507 1237 620 1322 (1878)
644 1237 809 1321 leguntur,
835 1236 1030 1304 recentioris
1062 1235 1188 1304 aetatis
1218 1240 1306 1304 sunt.
1357 1234 1458 1308 Roln-

332 1342 419 1413 dius
451 1351 563 1412 autem
594 1345 740 1428 (Psyche
770 1347 827 1411 ΙΙ2
864 1344 979 1432 (1898)
1003 1365 1078 1428 pag.
1105 1349 1166 1408 347
1192 1364 1223 1410 1.
1251 1349 1283 1426 2)
1310 1345 1458 1413 adnotat

332 1451 501 1535 epitheton
521 1459 693 1534 μακαρίτης
708 1473 781 1520 esse
797 1452 960 1538 Atticum,
985 1454 1111 1535 duoque
1128 1453 1350 1536 exemplorum
1374 1455 1455 1520 Kai-

331 1560 535 1650 belianorum
566 1560 708 1627 Atticae
739 1560 874 1646 originis
906 1559 1154 1646 scrutantium
1178 1560 1456 1628 estRomanum.

415 1669 503 1734 wPost
533 1667 761 1735 Alexandrum
793 1675 905 1736 autem
935 1668 1065 1736 titulum
1098 1674 1273 1736 exaratum
1305 1687 1383 1736 esse
1416 1688 1456 1734 ex

331 1776 488 1841 Indorum
512 1775 666 1842 memoria
690 1772 872 1858 (1ὐὸ41αᾷ
898 1773 1019 1858 Ἰνδοῖς)
1042 1775 1279 1860 cognoscimus.

420 1884 524 1976 Porro
563 1887 654 1948 totus
695 1883 856 1951 orationis
896 1883 997 1966 color,
1038 1886 1213 1951 abstracta
1251 1883 1455 1967 significatio

332 1989 444 2070 ἀρετὴν
466 1989 591 2070 ἔτρεφεν
615 1988 734 2071 ὠγυγίη
759 1990 885 2073 (χθών),
909 1990 1079 2074 longitudo
1101 1990 1257 2057 carminis
1274 1992 1317 2058 ab
1337 1999 1455 2060 aetate

330 2097 565 2180 imperatorum
582 2099 758 2166 abhorrere
783 2118 847 2165 non
870 2098 1035 2166 videntur.
1081 2098 1242 2165 Fortasse
1270 2104 1376 2180 poeta
1400 2099 1455 2165 ille

331 2205 479 2271 Rhodius
504 2204 575 2272 sive
595 2205 704 2272 Rhodi
726 2205 985 2272 mortuus-nisi
1008 2205 1094 2272 forte
1117 2205 1295 2274 historicus
1319 2207 1397 2284 fuit,
1422 2208 1456 2273 id

331 2313 416 2394 quod
433 2313 540 2380 editor
555 2313 898 2397 neglexit-aequalis
914 2313 1082 2379 Hadriani
1103 2317 1186 2396 erat,
1210 2312 1300 2380 cuins
1326 2321 1456 2398 tempe·

331 2423 423 2487 state
454 2419 597 2488 imitatio
628 2421 792 2487 Herodoti
824 2420 1065 2502 efflorescebat,
1098 2439 1194 2501 quam
1229 2420 1397 2490 Arrianus
1422 2427 1457 2488 et

331 2527 429 2608 paulo
461 2533 538 2610 post
561 2528 759 2611 Pausanias,
791 2528 854 2594 Dio
884 2527 1030 2611 (lessius,
1054 2527 1216 2615 Aelianus
1240 2547 1321 2610 prae
1348 2549 1385 2596 se
1410 2529 1455 2594 f-

331 2641 417 2717 runt,
441 2641 479 2700 ut
503 2633 757 2702 Grundmannus
782 2633 906 2721 (1884),
933 2634 1146 2702 Wernickins
1162 2633 1287 2722 (1884),
1306 2637 1455 2704 Rasunus

331 2740 447 2827 (1858)
471 2741 734 2808 illustraverunt.
1407 2754 1409 2758 ’

420 2847 554 2914 Titulus
589 2847 738 2914 Rhodius
772 2847 876 2932 igitur
909 2868 974 2915 non
1009 2848 1234 2917 testimonium
1267 2850 1307 2916 de
1340 2851 1453 2934 patria

330 2955 572 3022 Halicarnasso
604 2956 759 3022 exhibere
790 2957 870 3022 mihi
900 2957 1041 3040 videtur,
1072 2958 1130 3024 sed
1154 2957 1365 3026 Herodotum
1388 2957 1452 3026 iam

331 3081 403 3128 cum
435 3063 644 3146 Panyasside
675 3064 804 3130 vinculo
835 3063 892 3130 illo
920 3083 1039 3132 nexum
1062 3065 1219 3158 uidemus.
1266 3065 1449 3137 Pronomen

330 3177 397 3233 τῶν
421 3173 454 3234 δὲ
477 3190 527 3237 vs.
553 3179 572 3236 4
597 3171 641 3237 ad
663 3190 776 3238 omnes
800 3178 870 3238 tres
893 3191 1053 3255 personas
1075 3173 1194 3255 refero,
1220 3173 1262 3238 ad
1279 3182 1450 3254 mortuum,

330 3277 548 3353 Herodotum,
579 3279 779 3362 Panyassim
811 3284 845 3346 41
876 3280 1020 3346 arbitror
1050 3281 1111 3347 hos
1141 3281 1231 3349 viros
1263 3286 1297 3347 41
1325 3282 1362 3350 11
1385 3283 1451 3352 Aa·

331 3389 433 3467 gypto
457 3389 492 3451 et
514 3384 659 3452 Athenis
683 3375 837 3454 versatos
861 3405 944 3453 esse.

420 3491 566 3573 Sequens
592 3505 703 3560 antem
727 3494 953 3562 testimonium
976 3495 1017 3562 de
1033 3495 1144 3578 patria
1160 3497 1403 3565 Halicarnasso
1419 3496 1450 3562 iu

331 3598 472 3664 omnium
505 3619 560 3666 114
592 3609 654 3682 est,
687 3603 760 3669 dico
791 3604 991 3688 prooemium
1016 3605 1190 3689 Herodoti,
1214 3605 1254 3672 dc
1278 3605 1371 3673 cuius
1395 3623 1450 3671 au·

331 3706 462 3772 theutia
486 3707 638 3789 quoniam
664 3710 804 3793 luerunt,
829 3712 884 3793 qui
908 3711 1111 3795 dubitarent,
1134 3713 1284 3794 quaestio
1309 3732 1373 3780 non
1399 3713 1450 3776 de·

330 3815 510 3882 tractanda
546 3825 606 3882 est.
655 3817 745 3884 Nota
781 3822 834 3884 est
867 3819 1034 3885 Ptolemai
1069 3819 1196 3886 Chenai
1226 3821 1377 3888 narratio
1410 3817 1450 3882 114

331 3923 496 4002 prooemio
529 3922 692 3988 Herodoti
724 3944 744 3988 a
776 3923 962 3991 Plesirrhoo
999 3926 1166 4001 confecta,
1198 3946 1262 4008 qua
1293 3925 1450 3994 memoria

330 4028 459 4108 quidam
475 4029 569 4094 abusi
582 4029 762 4113 indagasse
776 4031 839 4096 sibi
855 4032 1010 4100 videntur
1022 4034 1197 4118 uestigium
1217 4035 1449 4102 diasceuastae

330 4133 485 4200 librorum
514 4136 790 4226 Herodoteorum.
829 4139 1050 4223 Improbanda
1075 4161 1156 4208 sane
1182 4140 1296 4212 Birtii
1320 4145 1449 4210 senten·

327 4241 376 4306 tia
400 4231 452 4309 est
488 4241 647 4329 (Antikes
679 4245 886 4314 Buchwesen
917 4253 1029 4328 (1882)
1053 4269 1128 4334 pag.
1153 4255 1228 4327 477,
1246 4255 1290 4336 2),
1322 4249 1378 4332 qui
1400 4245 1416 4312 1
1436 4279 1448 4291 -
