3232 4938
757 443 952 498 ..6-

292 613 437 680 Kreisen
472 612 670 680 wurzelhait
706 618 947 699 entsprungen,
978 619 1119 682 sondern
1150 617 1213 684 wie
1244 635 1280 684 so
1311 617 1414 685 vieles

292 720 580 804 Pythagoreische
612 738 673 788 aus
705 721 763 787 der
793 719 982 791 Volkssitte
1013 722 1245 808 4444444444.ιι
1292 723 1415 792 Confer

290 826 408 894 librum
442 824 717 896 wachsnmthii
755 827 848 909 (Hinl
893 827 928 896 in
965 828 1025 896 das
1063 829 1213 897 Studium
1243 830 1302 897 der
1325 831 1419 914 alten,

293 933 497 1002 Geschiohta
519 955 597 1022 pag.
626 942 686 1000 133
712 936 800 1019 add.)
825 941 861 1002 et
885 933 1161 1006 Schwartzium
1192 937 1279 1021 apud
1294 937 1414 1022 Pauly·

293 1041 462 1111 Wissowa
485 1043 504 1108 I
526 1061 602 1126 pag.
628 1048 714 1106 2858

381 1149 407 1218 J
408 1168 461 1216 om
486 1149 655 1232 disseram,
680 1167 744 1231 quo
760 1149 855 1216 modo
871 1149 1068 1233 Pamphilae
1085 1151 1299 1234 computatio,
1316 1171 1414 1234 quam

292 1256 332 1323 de
357 1255 439 1338 ἀκμή
462 1255 644 1338 Η41144141,
662 1255 837 1344 Herodoti,
854 1255 1057 1341 Thucydidis
1077 1256 1232 1343 instituit,
1248 1261 1321 1325 orta
1337 1277 1411 1326 esse

291 1363 456 1433 videatur.
503 1363 641 1432 Initium
664 1367 775 1431 autem
800 1382 821 1431 a
844 1363 1036 1448 Thucydide
1052 1363 1173 1431 faciam
1198 1369 1233 1432 et
1256 1365 1335 1448 quia
1349 1364 1414 1434 viri

292 1470 382 1539 docti
404 1470 438 1537 in
461 1471 524 1538 hoc
547 1469 685 1553 primum
699 1471 792 1538 illum
813 1469 1114 1546 Alexandrinorum
1131 1487 1222 1538 usum
1239 1491 1413 1557 perspexe-

291 1581 369 1644 runt
392 1582 428 1644 44
460 1577 539 1660 tinia
566 1576 765 1646 Hellanicus
788 1582 825 1644 44
848 1577 1041 1645 Herodotus
1073 1577 1115 1644 ad
1130 1597 1264 1646 annum
1287 1573 1415 1664 Thucy·

293 1683 378 1751 didis
400 1683 422 1749 i.
440 1703 468 1751 e.
486 1684 530 1750 ad
553 1703 673 1751 annum
698 1691 759 1748 431
786 1683 994 1753 4444440441
1016 1693 1110 1752 sunt:
1150 1687 1215 1752 Est
1237 1679 1416 1754 antem'hic

293 1810 399 1859 annus
424 1811 464 1858 ex
487 1791 600 1860 verbis
623 1791 691 1860 illis
712 1791 885 1868 deductus,
910 1811 994 1874 quae
1022 1792 1110 1875 apud
1141 1792 1363 1878 Thucydidem
1386 1797 1416 1877 5,

293 1905 334 1964 26
358 1897 512 1983 legimus:
536 1899 670 1976 ἐπεβίων
693 1897 743 1963 ord
765 1895 1000 1975 nocticolae
1016 1897 1244 1976 αἰσθανόμενός
1266 1907 1303 1980 τῇ
1319 1899 1416 1984 ἡλικίᾳ

293 2010 343 2070 καὶ
366 2007 530 2084 προςέχων
553 2004 611 2087 τὴν
633 2007 763 2088 γνώμην
788 2001 875 2082 ὅπως
898 2003 1022 2088 ἀκριβές
1044 2007 1224 2082 traicerem.
1289 2053 1291 2058 -
1406 2031 1411 2064 ;

384 2113 483 2179 Anno
505 2117 616 2180 autem
634 2118 697 2178 444
713 2113 879 2181 Herodoti
903 2110 984 2194 ἀκμή
1008 2117 1140 2181 statuta
1160 2120 1222 2196 est,
1247 2114 1325 2195 qaia
1345 2113 1416 2198 ipse

295 2218 392 2288 initio
417 2219 573 2302 prooemii
602 2220 761 2286 Thurium
786 2237 822 2286 se
846 2221 1084 2302 appellaverat.
1131 2217 1188 2289 Sic
1218 2219 1416 2290 44414444·

294 2327 344 2394 les
374 2325 576 2411 Thucydidis
605 2331 667 2390 471
698 2331 734 2393 44
761 2325 926 2394 Herodoti
954 2333 1018 2391 484
1048 2326 1169 2394 4411104
1197 2327 1417 2414 illoquidem,

296 2432 353 2500 sed
377 2433 551 2516 perspicuo
575 2433 716 2502 artificio
736 2433 926 2519 ‘excogitati
950 2439 1037 2502 sunt.
1383 2461 1386 2466 λ

386 2541 438 2607 De
454 2539 642 2624 Hellanico,
667 2542 745 2624 quid
769 2540 868 2621 ἀκμῆς
883 2560 970 2608 4444
988 2545 1051 2606 456
1066 2542 1278 2608 4444444044
1300 2561 1418 2609 ansam

295 2647 495 2730 praebuerit,
523 2647 703 2728 nescimus3
733 2647 853 2716 ialsam
877 2654 988 2715 autem
1013 2667 1087 2716 esse
1109 2649 1197 2716 hanc
1221 2650 1418 2734 Pamphilae

299 2755 578 2836 computationem
601 2754 674 2836 quir
698 2762 752 2824 est
775 2756 831 2838 qui
853 2753 979 2840 neget?
1019 2755 1141 2823 Oouier
1169 2753 1415 2826 Waohsmuth

298 2861 494 2946 Hinleitnng
517 2879 593 2946 pag.
618 2866 693 2929 510.
739 2863 827 2930 Nam
845 2863 1044 2931 Hellanicus
1062 2863 1235 2931 Herodoto
1250 2862 1417 2941 excudam,

296 2969 497 3054 Thucydidis
521 2969 671 3052 aequalis
695 2976 757 3038 est.

386 3077 619 3144 Coniecturam
658 3083 770 3146 tamon
808 3077 959 3160 quamvls
997 3078 1158 3144 incertam
1198 3077 1302 3144 liceat
1339 3077 1418 3144 mihi

295 3181 454 3266 prolerre.
514 3185 665 3266 Agedum
703 3192 935 3251 construamus
967 3188 1177 3268 conspectum
1208 3184 1418 3252 ratiunculae

297 3287 489 3356 Gellianae:
1332 3311 1359 3320 ”

405 3401 466 3459 431
482 3396 527 3484 -l-
544 3403 584 3461 66
598 3427 640 3452 ---
654 3401 718 3463 496
733 3435 773 3446 -
789 3404 887 3462 402=
900 3404 964 3462 456
989 3396 1264 3479 depol-Hellanici
1320 3449 1322 3452 -
1404 3439 1407 3444 -

404 3509 464 3567 431
482 3503 525 3590 ÷
539 3507 580 3569 aa
595 3535 637 3559 =
650 3510 714 3570 484
731 3543 764 3552 -
784 3510 825 3570 4o
840 3535 882 3560 =
897 3512 963 3570 444
987 3502 1069 3586 ἀκμή
1092 3506 1257 3573 Herodoti
1397 3501 1401 3508 ’

403 3615 464 3675 431
482 3609 525 3698 -Ι-
540 3617 579 3675 40
594 3643 636 3666 =
651 3617 712 3676 471
739 3649 755 3658 -
785 3617 827 3676 40
842 3645 884 3667 --
898 3619 957 3677 431
987 3613 1072 3695 ἀκμή
1095 3612 1298 3696 Thucydidis

294 3717 402 3798 Atqui
425 3718 622 3785 Hellanicus
645 3719 819 3788 historiam
844 3721 1135 3803 pentecontaetiae
1157 3721 1313 3788 narravit
1341 3721 1362 3787 i.
1387 3741 1415 3788 e.

292 3823 467 3890 historiam
500 3843 659 3892 annorum
691 3833 807 3891 480-
824 3833 888 3892 430
919 3831 955 3893 44
977 3827 1048 3893 fieri
1071 3818 1194 3910 potest
1219 3833 1257 3892 nt
1272 3846 1333 3910 per
1355 3829 1417 3895 hoc

295 3929 437 4012 spatium
471 3933 629 4014 temporis
660 3933 793 4001 vixerit.
839 3933 962 4019 Quidni
993 3935 1169 4000 statuimus
1200 3935 1285 4000 hano
1313 3934 1415 4002 inisse

293 4047 408 4103 ansam
433 4035 532 4119 ἀκμῆς
555 4039 776 4107 statuendae?
805 4039 886 4108 ‘Est
914 4041 999 4106 enim
1032 4047 1093 4106 431
1108 4028 1240 4134 -4-,ζ-40
1254 4073 1295 4096 =
1310 4040 1415 4127 456.*)

295 4183 507 4192 -mae—--u--m-

383 4267 409 4339 *)
427 4266 552 4336 11011144,
575 4268 710 4328 Analecta
734 4270 895 4327 Hellanicus
919 4270 1010 4341 (1898)
1029 4272 1165 4340 pog.'30h
1182 4271 1248 4341 ch.
1273 4271 1351 4326 Stud.
1373 4274 1407 4331 18
