3232 4938
771 409 990 468 ...32....

321 582 473 665 partibus
504 580 627 648 Zeitzii
658 585 728 648 8181
760 581 875 666 (supra
906 601 980 665 pog.
1015 585 1080 664 26)
1113 582 1205 651 88188
1235 587 1469 656 sententian

320 691 513 767 confirmare
545 689 688 773 videtur,
720 691 806 771 quod
837 709 942 756 annus
974 690 1094 758 codicis
1126 691 1163 758 L.
1197 698 1263 758 431
1298 695 1470 778 congruit
1576 721 1577 756 1

321 818 392 865 cum
416 798 556 881 vulgata
579 796 774 880 Hieronymi
798 797 839 862 de
866 796 947 864 flore
970 797 1121 866 Socratis
1143 799 1362 868 recensione
1415 801 1469 870 At

320 907 365 971 M.
390 907 431 972 R.
457 907 583 971 habent
606 924 726 971 annum
751 909 814 968 433
839 905 915 974 vide
939 925 1015 989 pag.
1044 910 1104 970 136
1130 905 1206 974 Sch.

410 1011 506 1096 Quod
530 1016 640 1079 autem
665 1011 886 1078 Londinensis
909 1012 1054 1081 Ahteuis
1077 1031 1136 1094 pro
1155 1011 1309 1080 Athenis
1338 1016 1468 1094 tradit,

321 1119 478 1188 indicium
514 1119 690 1185 mendosae
725 1119 911 1201 scripturae
946 1119 1070 1186 codicis
1105 1127 1166 1202 881,
1202 1121 1243 1186 de
1281 1141 1359 1203 qua
1397 1125 1467 1190 iam

322 1232 572 1296 lllommsenus
599 1227 754 1314 (Hermes
779 1230 834 1308 24)
858 1228 973 1310 (1889)
999 1229 1101 1295 verbe
1124 1227 1264 1294 fecerat.

411 1333 595 1420 Quaerenti
624 1341 735 1400 881818
765 1333 852 1414 milri,
882 1335 967 1400 unde
997 1335 1153 1410 hocloco
1178 1335 1353 1404 Eusebius
1379 1339 1465 1416 1188-

321 1442 413 1528 serit,
439 1441 562 1508 auxilio
596 1442 734 1509 veniunt
763 1448 922 1524 excerpta
945 1460 1030 1524 quae
1053 1441 1207 1512 dicuntur
1229 1443 1351 1512 1811118
1376 1447 1464 1514 Β81·

324 1551 398 1616 buri
422 1550 472 1615 ed.
497 1547 612 1617 Frick
639 1551 753 1636 (1892)
777 1569 853 1634 pag.
881 1554 954 1631 811,
979 1549 1035 1615 ubi
1050 1550 1241 1618 Herodotus
1261 1551 1300 1618 in
1317 1573 1464 1622 numero

322 1657 417 1725 unius
442 1660 477 1723 et
499 1655 622 1741 viginti
645 1656 909 1752 philosophorum
933 1663 1155 1741 enumeratur,
1179 1657 1234 1739 qui
1257 1661 1327 1726 sub
1351 1660 1462 1728 Arta-

322 1784 423 1832 xerxe
451 1782 531 1847 rege
561 1766 855 1848 cognoscebantur,
883 1783 978 1845 quem
1002 1765 1192 1848 catalogum
1216 1784 1259 1830 ex
1283 1766 1462 1836 Africano

323 1872 458 1937 fluxisse
486 1873 656 1937 Barbarus
686 1870 812 1936 diserte
841 1871 942 1937 addit.
969 1869 1153 1944 Gclzerus
1176 1871 1284 1955 igitur
1310 1874 1346 1940 in
1374 1875 1460 1942 libro

322 1977 727 2063 18Α11188881(1888)
751 1997 826 2061 pag.
855 1983 915 2042 177
940 1982 1076 2060 propter
1105 1978 1225 2045 seriem
1254 1983 1460 2050 continuam

325 2105 484 2152 arrnorum
517 2105 537 2151 a
568 2087 719 2152 Barbare
748 2089 924 2172 servatam,
950 2095 1047 2166 quam
1072 2085 1278 2160 demonstrat
1304 2108 1351 2155 ex
1376 2089 1460 2156 Hie-

322 2193 448 2278 ronymi
471 2194 677 2276 temporibus
702 2212 773 2258 cum
796 2194 948 2259 Barbare
972 2193 1184 2276 comparatis,
1208 2199 1305 2262 recte
1332 2215 1459 2264 annum

324 2303 501 2368 lectionum
526 2301 702 2386 Herodoti,
726 2319 790 2366 non
815 2320 934 2367 annum
961 2299 1050 2370 floris
1075 2302 1161 2384 apud
1188 2303 1385 2370 Barbarum
1410 2305 1459 2374 iu·
1576 2309 1577 2316 ’

321 2409 462 2476 tellexit.
510 2410 608 2476 Haec
631 2414 743 2476 autem
768 2409 860 2476 88818
884 2409 1064 2476 statuenda
1088 2415 1153 2476 est:

324 2516 502 2597 Sophocles
594 2523 677 2580 1846
728 2523 798 2599 77,2
847 2516 1347 2598 471Χ8111.15Η(111.ἀκμὴ

323 2622 516 2688 Heraclitus
594 2627 675 2685 1557
726 2625 796 2704 80,1
822 2620 1056 2688 14101111811Ι
1084 2632 1101 2686 5

323 2729 546 2811 Anaxagoras
597 2735 678 2792 1557
727 2733 800 2811 80,1
848 2731 913 2792 460
938 2728 1104 2794 Artaxe

322 2836 516 2902 Herodotus
596 2841 679 2900 1578
728 2841 803 2912 838
851 2842 915 2899 441
939 2835 1062 2902 Artax.
1087 2837 1249 2912 20Hdti.
1273 2838 1450 2908 lectiones.

411 2945 554 3026 Propter
570 2942 686 3010 seriem
703 2941 809 3026 igitur
824 2942 859 3008 in
876 2944 999 3010 ceteris
1015 2944 1219 3030 philosophis
1231 2949 1447 3032 ,conspicuam

324 3070 388 3118 non
417 3052 497 3117 licet
529 3052 675 3133 priorem
704 3070 823 3117 annum
847 3050 1073 3117 Eusebienum
1098 3053 1139 3118 de
1162 3054 1338 3123 Herodoto
1365 3051 1443 3140 apud

325 3160 510 3224 Barbarum
554 3159 762 3242 intellegere.
824 3157 982 3228 Videmus
1033 3161 1219 3226 Barbarum
1258 3180 1326 3228 non
1377 3177 1443 3246 ope·

322 3285 392 3330 ram
427 3265 572 3349 dedisse,
603 3272 640 3333 ut
672 3265 773 3344 ἀκμήυ
803 3266 1006 3348 singulorum
1037 3266 1213 3351 diligenter
1241 3270 1446 3341 observaret,

325 3393 396 3438 cum
421 3373 611 3457 catalogum
637 3392 729 3440 suum
755 3378 957 3456 excerperet,
982 3374 1041 3439 sed
1064 3380 1160 3441 textu
1183 3375 1338 3458 neglecto
1365 3375 1448 3444 88118

325 3481 437 3546 habuit
468 3481 600 3547 nomine
631 3487 763 3564 notare,
794 3479 829 3545 id
868 3481 953 3561 quod
986 3500 1026 3546 ex
1049 3481 1144 3548 vserie
1175 3481 1233 3547 illa
1268 3485 1448 3552 observata

327 3588 427 3654 etiam
452 3588 492 3654 de
515 3589 645 3656 Pericle
676 3595 711 3655 et
741 3589 929 3671 Protagora
955 3594 1104 3670 apparet.
1153 3587 1317 3672 Quocirca
1346 3591 1446 3658 verba

325 3697 467 3763 Barbari
490 3697 544 3780 „hi
569 3715 681 3762 omnes
705 3697 1009 3780 cognoscebantur“
1034 3715 1098 3762 non
1121 3697 1300 3778 premenda
1324 3701 1412 3764 sunt.

414 3803 539 3889 Quodsi
556 3803 708 3876 Africani
728 3805 768 3870 de
784 3803 983 3870 lectionibus
1005 3803 1206 3871 Herodoteis
1223 3802 1444 3872 testimonium

312 3911 558 3994 examinamus,
583 3910 735 3978 confiteri
758 3911 913 3976 debemus
937 3910 1023 3975 118118
1047 3917 1236 3978 memoriam
1259 3912 1359 3993 plane
1381 3905 1444 3974 sin·
1573 3974 1575 3996 ,

324 4019 471 4100 gularem
500 4037 588 4102 8888;
617 4037 723 4100 neque
754 4019 839 4085 enim
869 4036 1006 4099 nsquam
1033 4017 1068 4084 in
1096 4037 1222 4085 canone
1246 4015 1441 4089 1188811888,

325 4144 397 4191 cum
420 4126 502 4192 data
518 4145 617 4210 opera
632 4128 849 4212 perlegerem,
874 4126 1072 4196 vocabulum
1094 4126 1222 4206 ἐτιμήθη
1246 4123 1326 4206 vidi,
1347 4114 1442 4187 omni·
1572 4176 1574 4206 ,

324 4251 429 4314 noque
452 4233 493 4298 de
516 4235 693 4304 honoribus
717 4237 798 4303 nihil
820 4234 952 4302 memini
976 4252 1027 4300 me
1050 4234 1169 4316 legere.
