3232 4938
641 495 858 553 „95-

183 665 303 749 patria.
328 667 482 734 notitiam
514 668 663 752 ignotam
688 668 792 734 fuisse
824 675 859 734 et
892 674 1007 736 aetate
1038 669 1167 736 demum
1199 689 1311 752 regum

184 775 470 856 Pergamenorum
494 777 536 842 ab
560 775 738 859 Apollonio
761 774 1016 858 Aphrodisiensi
1039 777 1074 843 in
1103 776 1232 843 (laricis
1260 797 1310 843 ex·

188 881 375 966 cogitatam
407 901 489 950 esse.
546 884 596 950 At
627 883 713 950 enim
748 884 950 966 paucissima
985 884 1025 951 da
1060 885 1122 950 hoc
1159 886 1313 968 opusculo

191 989 326 1074 scimus3
349 991 482 1074 plenum
506 997 581 1058 erat
604 991 781 1058 secundnm
806 991 1096 1075 Pauly-Wissowa
1127 993 1313 1075 mythorum

189 1096 429 1180 epichoriorum
453 1105 488 1166 at
513 1098 794 1184 etymologiarum.
1043 1097 1045 1106 ’

280 1204 424 1273 Causam
457 1212 568 1277 autem
599 1206 697 1273 huius
729 1205 941 1273 coniecturae
964 1207 1130 1273 Knausius
1153 1207 1312 1274 habuisse

186 1327 254 1380 non
279 1312 423 1396 videtur,
447 1314 512 1381 nisi
535 1315 630 1396 quod·
646 1315 761 1381 statua
778 1313 948 1397 Apollonii
964 1313 999 1381 in
1015 1313 1217 1381 bibliotheca
1235 1315 1313 1381 Par·
1388 1389 1392 1395 .

189 1439 336 1508 gamana
367 1427 456 1506 erat,
488 1423 518 1490 si
549 1423 643 1489 modo
674 1418 927 1490 Frueukclins
959 1422 980 1487 l.
1009 1422 1030 1488 l.
1058 1427 1152 1488 reete
1180 1423 1314 1489 titulum

185 1529 362 1613 Apollonii
385 1529 542 1596 Philotae
565 1529 625 1596 filii
648 1531 691 1597 ad
713 1528 1008 1614 Aphrodisiensem
1031 1529 1172 1595 rettulit.
1229 1616 1231 1622 ¹

208 1677 211 1682 ‚
279 1637 441 1720 Equidem
473 1637 563 1704 aliud
595 1657 636 1704 ex
666 1636 803 1705 Doridis
834 1637 945 1704 verbis
976 1637 1092 1719 efficio,
1127 1636 1257 1705 seilicet
1286 1639 1316 1704 ei

196 1744 640 1829 affinitatemPanyassidis
664 1750 709 1811 et<
723 1744 888 1810 Herodoti
910 1749 1024 1810 notam
1048 1744 1201 1828 fnisse.*)

239 1855 242 1863 ’
276 1851 335 1920 An
371 1853 496 1919 rectius
534 1852 706 1922 Bancrus
738 1851 901 1921 iudicavit
926 1853 966 1919 -in
995 1853 1081 1920 actis
1104 1852 1191 1921 univ.
1215 1851 1314 1921 Vind.

194 1966 278 2026 1889
296 1977 373 2043 pag.
392 1966 455 2024 401
481 1979 522 2026 ex
545 1959 661 2028 iisdem
679 1959 789 2027 verbis
806 1961 1006 2026 eontrarium
1025 1959 1201 2026 statuens?
1233 1959 1314 2026 Cum

193 2067 291 2134 Duris
308 2067 369 2134 hos
384 2068 466 2134 *duos
483 2067 572 2136 viros
602 2066 791 2133 coniunctos
822 2067 955 2150 habeat,
980 2067 1044 2132 hac
1066 2066 1141 2148 ipsa
1164 2067 1315 2134 coniunc-

179 2173 285 2240 'tione
320 2193 429 2241 meam
470 2174 654 2258 opinionem
696 2173 882 2240 confirmari
922 2174 1047 2250 sentio,
1084 2173 1240 2256 quidquid
1275 2175 1315 2240 de

200 2281 367 2348 Herodoto
392 2281 502 2349 Samio
527 2280 664 2367 cogitas.

281 2391 376 2476 Quae
401 2409 472 2458 cnm
497 2389 546 2457 ita
570 2390 649 2465 sint,
674 2390 750 2472 quid
780 2396 834 2456 est
857 2388 988 2454 facilius
1012 2407 1109 2470 qnam
1132 2389 1166 2455 in
1189 2389 1315 2457 Dorida

193 2497 369 2565 affinitatis
392 2496 490 2576 illius
516 2517 602 2579 qnae
625 2497 728 2563 fuisse
752 2501 909 2562 narratur
934 2495 1024 2561 inter
1046 2496 1255 2563 Herodotum
1279 2504 1314 2563 et

194 2605 402 2689 Panyassim,
417 2605 622 2673 inventorem
639 2605 839 2688 agnoscere?
871 2602 1051 2670 Ethnicum
1067 2608 1178 2670 autem
1197 2623 1314 2688 cogno·

187 2731 263 2780 men
289 2712 428 2792 Θούριον
451 2731 515 2778 non
538 2711 658 2778 Doridi
680 2711 745 2794 ipsi
769 2711 925 2793 attribuo,
952 2711 1011 2776 sad
1033 2709 1122 2777 sonti
1142 2710 1192 2776 illi
1208 2717 1315 2796 ‘egre-

186 2821 240 2904 gio
267 2820 445 2904 Hesychii,
459 2820 561 2886 reuius
585 2824 739 2888 vetustas
764 2827 798 2886 et
822 2818 1007 2886 auctoritas
1031 2837 1073 2886 ex
1099 2821 1161 2886 hoc
1190 2839 1315 2902 quoque

183 2927 384 3013 cognomine
410 2928 573 3010 splendet.

276 3034 385 3104 Simul
421 3039 533 3102 autam
569 3054 641 3101 eum
677 3034 845 3102 affinitate
880 3034 939 3100 illa
973 3035 1108 3116 mythos
1138 3034 1195 3100 illa
1227 3036 1315 3117 apud

185 3163 288 3210 unum
313 3142 448 3210 Suidam
473 3143 513 3209 de
537 3145 637 3210 rebus
661 3162 681 3209 a
710 3142 883 3209 Herodoto
907 3159 966 3223 pro
990 3159 1027 3206 re
1051 3140 1184 3224 publica
1208 3143 1315 3226 gestis

186 3255 350 3318 narratus
374 3249 525 3318 concidit.

278 3358 334 3424 Ne
358 3357 476 3424 titulus
501 3356 630 3439 quidem
654 3357 713 3423 ille
741 3355 1056 3423 Halicarnassensis
1082 3355 1157 3418 Τάδε
1173 3354 1191 3419 ὁ
1209 3357 1318 3421 σύλλο-

178 3487 238 3544 γος
269 3458 437 3550 (necuter
465 3446 1313 3549 dieInscuriftandesionischenDialekts(1aar)

178 3593 264 3657 pag.
308 3573 401 3656 140),
435 3571 469 3638 in
504 3591 567 3652 qno
600 3590 658 3653 pro
689 3568 977 3639 Kirchhoffiana
1009 3570 1096 3638 falsa
1127 3570 1270 3637 lectione
1299 3568 1317 3650 ἡ

175 3679 340 3758 κάθοδος,
379 3696 464 3761 quaa
497 3678 587 3745 basis
620 3677 814 3758 multiplicis
850 3677 970 3743 erroris
1002 3683 1093 3753 erat,
1124 3675 1354 3772 Ber-guina

177 3788 262 3866 (lah.
290 3787 375 3852 Mus.
404 3790 497 3862 1864,
523 3785 597 3872 604)
621 3782 659 3848 τὸ
685 3779 760 3859 ἅδος
783 3783 878 3867 legit.
927 3783 979 3850 Of.
1005 3782 1109 3853 Riihl
1133 3785 1254 3850 Philol.
1275 3792 1316 3848 41

175 3893 303 3980 (1882)
335 3910 412 3977 pag.
439 3897 492 3970 59,
526 3891 633 3962 Stein
656 3890 801 3958 Bursian
826 3897 867 3956 30
894 3888 1011 3978 (1884)
1037 3911 1112 3976 pag.
1132 3897 1205 3974 211,
1229 3890 1318 3960 Rei·

177 3998 286 4073 rraeh
308 3999 492 4086 Lygdamis
515 4002 633 4068 Revue
657 4000 714 4068 des
740 4003 786 4066 et.
814 4017 862 4082 gr.
888 3999 907 4064 I
931 4001 1047 4080 (1888)
1070 4016 1145 4081 pag.
1172 4004 1223 4081 27,
1254 3999 1319 4065 Re·

279 4250 306 4322 *)
324 4252 367 4307 Da
387 4251 521 4308 Soboolil
539 4246 772 4306 hariolaticnibus
792 4247 856 4303 vido
875 4249 976 4305 Bauer
996 4245 1105 4302 Ztschr.
1132 4248 1150 4302 f.
1175 4251 1198 4301 b.
1222 4246 1319 4312 Gymn.

174 4345 213 4399 28
236 4343 334 4413 (1877)
353 4357 416 4412 pag.
440 4343 505 4398 893.
