<?xml version="1.0" encoding="UTF-8"?>
<!DOCTYPE html PUBLIC "-//W3C//DTD XHTML 1.0 Transitional//EN"
    "http://www.w3.org/TR/xhtml1/DTD/xhtml1-transitional.dtd">
<html xmlns="http://www.w3.org/1999/xhtml" xml:lang="en" lang="en">
 <head>
  <title>
</title>
<meta http-equiv="Content-Type" content="text/html;charset=utf-8" />
  <meta name='ocr-system' content='tesseract 3.04.00' />
  <meta name='ocr-capabilities' content='ocr_page ocr_carea ocr_par ocr_line ocrx_word'/>
</head>
<body>
  <div class='ocr_page' id='page_1' title='image "./testimoniadeher00dietgoog_0041.png"; bbox 0 0 3232 4938; ppageno 0'>
   <div class='ocr_carea' id='block_1_1' title="bbox 784 447 1004 512">
    <p class='ocr_par' dir='ltr' id='par_1_1' title="bbox 784 447 1004 512">
     <span class='ocr_line' id='line_1_1' title="bbox 784 447 1004 512; baseline 0.005 -17"><span class='ocrx_word' id='word_1_1' title='bbox 784 447 1004 512; x_wconf 65' lang='lat'><strong>..36-</strong></span> 
     </span>
    </p>
   </div>
   <div class='ocr_carea' id='block_1_2' title="bbox 254 623 1455 2853">
    <p class='ocr_par' dir='ltr' id='par_1_2' title="bbox 582 623 785 710">
     <span class='ocr_line' id='line_1_2' title="bbox 582 623 785 710; baseline -0.01 -14"><span class='ocrx_word' id='word_1_2' title='bbox 582 623 785 710; x_wconf 82' lang='lat' dir='ltr'><strong>Lamponem</strong></span> 
     </span>
    </p>

    <p class='ocr_par' dir='ltr' id='par_1_3' title="bbox 582 733 1342 802">
     <span class='ocr_line' id='line_1_3' title="bbox 582 733 1342 802; baseline 0 0"><span class='ocrx_word' id='word_1_3' title='bbox 582 733 803 802; x_wconf 89' lang='lat' dir='ltr'><strong>Xenocritnm</strong></span> <span class='ocrx_word' id='word_1_4' title='bbox 1339 797 1342 802; x_wconf 88' lang='lat'>.</span> 
     </span>
    </p>

    <p class='ocr_par' dir='ltr' id='par_1_4' title="bbox 581 829 1397 926">
     <span class='ocr_line' id='line_1_4' title="bbox 581 829 1397 926; baseline -0.009 -16"><span class='ocrx_word' id='word_1_5' title='bbox 581 841 773 926; x_wconf 79' lang='lat' dir='ltr'><strong>Dionysius·</strong></span> <span class='ocrx_word' id='word_1_6' title='bbox 787 841 855 923; x_wconf 82' lang='lat' dir='ltr'><strong>(qui</strong></span> <span class='ocrx_word' id='word_1_7' title='bbox 877 847 1015 919; x_wconf 74' lang='grc' dir='ltr'><strong>χαλκοῦς</strong></span> <span class='ocrx_word' id='word_1_8' title='bbox 1038 829 1239 922; x_wconf 76' lang='lat' dir='ltr'><strong>appellatur)</strong></span> <span class='ocrx_word' id='word_1_9' title='bbox 1296 907 1300 924; x_wconf 13' lang='grc' dir='ltr'><strong>,Ν</strong></span> <span class='ocrx_word' id='word_1_10' title='bbox 1355 833 1397 852; x_wconf 84' lang='grc'><strong>”’</strong></span> 
     </span>
    </p>

    <p class='ocr_par' dir='ltr' id='par_1_5' title="bbox 582 945 1128 1028">
     <span class='ocr_line' id='line_1_5' title="bbox 582 945 1128 1028; baseline -0.013 -10"><span class='ocrx_word' id='word_1_11' title='bbox 582 947 815 1018; x_wconf 79' lang='lat' dir='ltr'><strong>Cleandridam</strong></span> <span class='ocrx_word' id='word_1_12' title='bbox 839 945 878 1028; x_wconf 74' lang='grc' dir='ltr'><strong>(Ρ)</strong></span> <span class='ocrx_word' id='word_1_13' title='bbox 902 947 1068 1016; x_wconf 78' lang='lat' dir='ltr'>Laconem</span> <span class='ocrx_word' id='word_1_14' title='bbox 1125 953 1128 960; x_wconf 89' lang='lat'>&#39;</span> 
     </span>
    </p>

    <p class='ocr_par' dir='ltr' id='par_1_6' title="bbox 335 1053 1453 1889">
     <span class='ocr_line' id='line_1_6' title="bbox 582 1053 1161 1138; baseline -0.005 -15"><span class='ocrx_word' id='word_1_15' title='bbox 582 1055 779 1138; x_wconf 80' lang='lat' dir='ltr'>Plexippum</span> <span class='ocrx_word' id='word_1_16' title='bbox 801 1053 1042 1127; x_wconf 78' lang='lat' dir='ltr'><strong>Atheniensem</strong></span> <span class='ocrx_word' id='word_1_17' title='bbox 1159 1059 1161 1066; x_wconf 81' lang='grc'><strong>“</strong></span> 
     </span>
     <span class='ocr_line' id='line_1_7' title="bbox 335 1136 1452 1258; baseline -0.008 -25"><span class='ocrx_word' id='word_1_18' title='bbox 335 1162 403 1234; x_wconf 84' lang='lat' dir='ltr'><strong>Sed</strong></span> <span class='ocrx_word' id='word_1_19' title='bbox 425 1169 505 1232; x_wconf 87' lang='lat' dir='ltr'><strong>aute</strong></span> <span class='ocrx_word' id='word_1_20' title='bbox 527 1163 637 1234; x_wconf 89' lang='lat' dir='ltr'><strong>omnia</strong></span> <span class='ocrx_word' id='word_1_21' title='bbox 659 1162 935 1247; x_wconf 81' lang='lat' dir='ltr'><strong>investigandum</strong></span> <span class='ocrx_word' id='word_1_22' title='bbox 947 1166 1008 1244; x_wconf 87' lang='lat' dir='ltr'><strong>est,</strong></span> <span class='ocrx_word' id='word_1_23' title='bbox 1023 1177 1098 1228; x_wconf 90' lang='lat' dir='ltr'><strong>num</strong></span> <span class='ocrx_word' id='word_1_24' title='bbox 1115 1159 1149 1227; x_wconf 93' lang='lat' dir='ltr'><strong>iu</strong></span> <span class='ocrx_word' id='word_1_25' title='bbox 1166 1143 1298 1258; x_wconf 81' lang='lat' dir='ltr'><strong>vulgari</strong></span> <span class='ocrx_word' id='word_1_26' title='bbox 1313 1136 1452 1228; x_wconf 82' lang='lat' dir='ltr'><strong>lectione</strong></span> 
     </span>
     <span class='ocr_line' id='line_1_8' title="bbox 338 1251 1452 1366; baseline -0.006 -26"><span class='ocrx_word' id='word_1_27' title='bbox 338 1270 524 1340; x_wconf 76' lang='lat' dir='ltr'><strong>Thmis=</strong></span> <span class='ocrx_word' id='word_1_28' title='bbox 549 1270 682 1341; x_wconf 71' lang='lat' dir='ltr'><strong>Thuriis</strong></span> <span class='ocrx_word' id='word_1_29' title='bbox 705 1269 917 1366; x_wconf 88' lang='lat' dir='ltr'><strong>acquiescere</strong></span> <span class='ocrx_word' id='word_1_30' title='bbox 939 1268 1110 1360; x_wconf 88' lang='lat' dir='ltr'><strong>possimus.</strong></span> <span class='ocrx_word' id='word_1_31' title='bbox 1158 1251 1267 1353; x_wconf 75' lang='lat' dir='ltr'><strong>Quid?</strong></span> <span class='ocrx_word' id='word_1_32' title='bbox 1292 1265 1452 1340; x_wconf 80' lang='lat' dir='ltr'><strong>obiectum</strong></span> 
     </span>
     <span class='ocr_line' id='line_1_9' title="bbox 335 1363 1452 1470; baseline -0.002 -24"><span class='ocrx_word' id='word_1_33' title='bbox 335 1398 443 1446; x_wconf 90' lang='lat' dir='ltr'><strong>nonne</strong></span> <span class='ocrx_word' id='word_1_34' title='bbox 473 1377 519 1445; x_wconf 89' lang='lat' dir='ltr'><strong>ad</strong></span> <span class='ocrx_word' id='word_1_35' title='bbox 547 1380 684 1446; x_wconf 88' lang='lat' dir='ltr'><strong>verbum</strong></span> <span class='ocrx_word' id='word_1_36' title='bbox 708 1363 868 1470; x_wconf 86' lang='lat' dir='ltr'><strong>condendi</strong></span> <span class='ocrx_word' id='word_1_37' title='bbox 897 1369 1112 1458; x_wconf 79' lang='lat' dir='ltr'><strong>requirimus?</strong></span> <span class='ocrx_word' id='word_1_38' title='bbox 1157 1364 1214 1442; x_wconf 94' lang='lat' dir='ltr'><strong>Au</strong></span> <span class='ocrx_word' id='word_1_39' title='bbox 1237 1375 1299 1442; x_wconf 90' lang='lat' dir='ltr'><strong>hoc</strong></span> <span class='ocrx_word' id='word_1_40' title='bbox 1321 1376 1452 1448; x_wconf 74' lang='lat' dir='ltr'><strong>verbulo</strong></span> 
     </span>
     <span class='ocr_line' id='line_1_10' title="bbox 336 1461 1452 1571; baseline -0.006 -19"><span class='ocrx_word' id='word_1_41' title='bbox 336 1485 487 1552; x_wconf 88' lang='lat' dir='ltr'><strong>absolute</strong></span> <span class='ocrx_word' id='word_1_42' title='bbox 519 1485 663 1568; x_wconf 88' lang='lat' dir='ltr'><strong>positum</strong></span> <span class='ocrx_word' id='word_1_43' title='bbox 694 1485 727 1552; x_wconf 93' lang='lat' dir='ltr'><strong>in</strong></span> <span class='ocrx_word' id='word_1_44' title='bbox 758 1461 916 1552; x_wconf 88' lang='lat' dir='ltr'><strong>Pliniana</strong></span> <span class='ocrx_word' id='word_1_45' title='bbox 949 1481 1118 1550; x_wconf 87' lang='lat' dir='ltr'><strong>latinitate</strong></span> <span class='ocrx_word' id='word_1_46' title='bbox 1150 1482 1290 1552; x_wconf 85' lang='lat' dir='ltr'><strong>tolerari</strong></span> <span class='ocrx_word' id='word_1_47' title='bbox 1320 1479 1452 1571; x_wconf 77' lang='lat' dir='ltr'><strong>potest?</strong></span> 
     </span>
     <span class='ocr_line' id='line_1_11' title="bbox 335 1590 1453 1674; baseline -0.008 -12"><span class='ocrx_word' id='word_1_48' title='bbox 335 1593 481 1662; x_wconf 89' lang='lat' dir='ltr'><strong>Defectu</strong></span> <span class='ocrx_word' id='word_1_49' title='bbox 503 1593 798 1660; x_wconf 81' lang='lat' dir='ltr'><strong>instrumentorum</strong></span> <span class='ocrx_word' id='word_1_50' title='bbox 822 1590 1043 1658; x_wconf 88' lang='lat' dir='ltr'><strong>criticorum</strong></span> <span class='ocrx_word' id='word_1_51' title='bbox 1034 1609 1105 1673; x_wconf 85' lang='lat' dir='ltr'><strong>lpse</strong></span> <span class='ocrx_word' id='word_1_52' title='bbox 1128 1590 1280 1674; x_wconf 86' lang='lat' dir='ltr'><strong>exempla</strong></span> <span class='ocrx_word' id='word_1_53' title='bbox 1296 1600 1453 1673; x_wconf 82' lang='lat' dir='ltr'><strong>quaerere</strong></span> 
     </span>
     <span class='ocr_line' id='line_1_12' title="bbox 336 1693 1453 1788; baseline -0.004 -20"><span class='ocrx_word' id='word_1_54' title='bbox 336 1705 471 1768; x_wconf 88' lang='lat' dir='ltr'><strong>coactus</strong></span> <span class='ocrx_word' id='word_1_55' title='bbox 504 1698 607 1767; x_wconf 87' lang='lat' dir='ltr'><strong>Plinii</strong></span> <span class='ocrx_word' id='word_1_56' title='bbox 640 1699 829 1768; x_wconf 79' lang='lat' dir='ltr'><strong>naturalem</strong></span> <span class='ocrx_word' id='word_1_57' title='bbox 862 1693 1034 1766; x_wconf 84' lang='lat' dir='ltr'><strong>historiam</strong></span> <span class='ocrx_word' id='word_1_58' title='bbox 1076 1697 1157 1766; x_wconf 84' lang='lat' dir='ltr'><strong>data</strong></span> <span class='ocrx_word' id='word_1_59' title='bbox 1191 1717 1293 1781; x_wconf 87' lang='lat' dir='ltr'><strong>opera</strong></span> <span class='ocrx_word' id='word_1_60' title='bbox 1328 1694 1453 1788; x_wconf 78' lang='lat' dir='ltr'><strong>perlegi</strong></span> 
     </span>
     <span class='ocr_line' id='line_1_13' title="bbox 336 1805 983 1889; baseline -0.005 -15"><span class='ocrx_word' id='word_1_61' title='bbox 336 1813 443 1877; x_wconf 87' lang='lat' dir='ltr'><strong>totam</strong></span> <span class='ocrx_word' id='word_1_62' title='bbox 466 1807 522 1875; x_wconf 85' lang='lat' dir='ltr'><strong>vel</strong></span> <span class='ocrx_word' id='word_1_63' title='bbox 544 1805 655 1889; x_wconf 85' lang='lat' dir='ltr'><strong>potius</strong></span> <span class='ocrx_word' id='word_1_64' title='bbox 677 1805 834 1888; x_wconf 89' lang='lat' dir='ltr'><strong>percurri</strong></span> <span class='ocrx_word' id='word_1_65' title='bbox 980 1819 983 1824; x_wconf 89' lang='grc'><strong><em>·</em></strong></span> 
     </span>
    </p>

    <p class='ocr_par' dir='ltr' id='par_1_7' title="bbox 424 1911 1453 2038">
     <span class='ocr_line' id='line_1_14' title="bbox 424 1911 1453 2038; baseline -0.006 -56"><span class='ocrx_word' id='word_1_66' title='bbox 424 1913 546 1983; x_wconf 78' lang='lat' dir='ltr'><strong>Mensis</strong></span> <span class='ocrx_word' id='word_1_67' title='bbox 561 1914 646 1982; x_wconf 88' lang='lat' dir='ltr'><strong>haec</strong></span> <span class='ocrx_word' id='word_1_68' title='bbox 662 1915 730 1982; x_wconf 84' lang='lat' dir='ltr'><strong>est:</strong></span> <span class='ocrx_word' id='word_1_69' title='bbox 699 1911 805 1998; x_wconf 98' lang='grc'><strong>25</strong></span> <span class='ocrx_word' id='word_1_70' title='bbox 807 1911 829 1980; x_wconf 88' lang='grc'>5</span> <span class='ocrx_word' id='word_1_71' title='bbox 847 1917 950 1980; x_wconf 88' lang='lat' dir='ltr'><strong>antea</strong></span> <span class='ocrx_word' id='word_1_72' title='bbox 973 1911 1166 2012; x_wconf 75' lang='lat' dir='ltr'><strong>condiderat</strong></span> <span class='ocrx_word' id='word_1_73' title='bbox 1180 1912 1269 1980; x_wconf 86' lang='lat' dir='ltr'><strong>solus</strong></span> <span class='ocrx_word' id='word_1_74' title='bbox 1280 1911 1375 2038; x_wconf 74' lang='lat' dir='ltr'><strong>apud</strong></span> <span class='ocrx_word' id='word_1_75' title='bbox 1397 1928 1453 1978; x_wconf 92' lang='lat' dir='ltr'><strong>uos</strong></span> 
     </span>
    </p>

    <p class='ocr_par' dir='ltr' id='par_1_8' title="bbox 335 2021 1157 2106">
     <span class='ocr_line' id='line_1_15' title="bbox 335 2021 1157 2106; baseline -0.006 -17"><span class='ocrx_word' id='word_1_76' title='bbox 335 2021 513 2106; x_wconf 89' lang='lat' dir='ltr'><strong>Pompeius</strong></span> <span class='ocrx_word' id='word_1_77' title='bbox 535 2022 699 2088; x_wconf 83' lang='lat' dir='ltr'><strong>Lenaeus.</strong></span> <span class='ocrx_word' id='word_1_78' title='bbox 1156 2045 1157 2050; x_wconf 41' lang='lat'>¹</span> 
     </span>
    </p>

    <p class='ocr_par' dir='ltr' id='par_1_9' title="bbox 337 2101 1455 2428">
     <span class='ocr_line' id='line_1_16' title="bbox 604 2101 1452 2211; baseline -0.002 -17"><span class='ocrx_word' id='word_1_79' title='bbox 604 2181 606 2184; x_wconf 93' lang='lat'>.</span> <span class='ocrx_word' id='word_1_80' title='bbox 643 2140 645 2146; x_wconf 79' lang='grc'><em>’</em></span> <span class='ocrx_word' id='word_1_81' title='bbox 716 2126 771 2211; x_wconf 80' lang='lat'><strong>13</strong></span> <span class='ocrx_word' id='word_1_82' title='bbox 773 2126 822 2200; x_wconf 89' lang='lat'><strong>88</strong></span> <span class='ocrx_word' id='word_1_83' title='bbox 854 2126 940 2208; x_wconf 88' lang='lat' dir='ltr'><strong>quod</strong></span> <span class='ocrx_word' id='word_1_84' title='bbox 969 2145 1008 2194; x_wconf 90' lang='lat' dir='ltr'><strong>eo</strong></span> <span class='ocrx_word' id='word_1_85' title='bbox 1039 2124 1146 2211; x_wconf 82' lang='lat' dir='ltr'><strong>magis</strong></span> <span class='ocrx_word' id='word_1_86' title='bbox 1167 2125 1278 2194; x_wconf 90' lang='grc' dir='ltr'>ιιιιοι</span> <span class='ocrx_word' id='word_1_87' title='bbox 1302 2126 1332 2194; x_wconf 88' lang='lat' dir='ltr'><strong>si</strong></span> <span class='ocrx_word' id='word_1_88' title='bbox 1355 2101 1452 2193; x_wconf 77' lang='lat' dir='ltr'><strong>etiam</strong></span> 
     </span>
     <span class='ocr_line' id='line_1_17' title="bbox 337 2203 1455 2362; baseline -0.005 -58"><span class='ocrx_word' id='word_1_89' title='bbox 337 2203 416 2305; x_wconf 88' lang='lat' dir='ltr'><strong>uum</strong></span> <span class='ocrx_word' id='word_1_90' title='bbox 439 2238 585 2304; x_wconf 87' lang='lat' dir='ltr'><strong>Homero</strong></span> <span class='ocrx_word' id='word_1_91' title='bbox 608 2235 772 2303; x_wconf 91' lang='lat' dir='ltr'><strong>condente</strong></span> <span class='ocrx_word' id='word_1_92' title='bbox 787 2233 965 2334; x_wconf 84' lang='lat' dir='ltr'><strong>Aegyptus</strong></span> <span class='ocrx_word' id='word_1_93' title='bbox 980 2252 1045 2301; x_wconf 90' lang='lat' dir='ltr'><strong>non</strong></span> <span class='ocrx_word' id='word_1_94' title='bbox 1061 2237 1143 2302; x_wconf 89' lang='lat' dir='ltr'><strong>erat</strong></span> <span class='ocrx_word' id='word_1_95' title='bbox 1182 2235 1259 2362; x_wconf 87' lang='grc' dir='ltr'><strong>Ηοι</strong></span> <span class='ocrx_word' id='word_1_96' title='bbox 1275 2219 1455 2338; x_wconf 82' lang='lat' dir='ltr'><strong>exemplum</strong></span> 
     </span>
     <span class='ocr_line' id='line_1_18' title="bbox 337 2341 1101 2428; baseline -0.007 -16"><span class='ocrx_word' id='word_1_97' title='bbox 337 2349 375 2412; x_wconf 95' lang='lat' dir='ltr'><strong>ut</strong></span> <span class='ocrx_word' id='word_1_98' title='bbox 398 2350 517 2428; x_wconf 90' lang='lat' dir='ltr'><strong>postea</strong></span> <span class='ocrx_word' id='word_1_99' title='bbox 540 2343 617 2426; x_wconf 87' lang='lat' dir='ltr'><strong>vidi,</strong></span> <span class='ocrx_word' id='word_1_100' title='bbox 644 2341 745 2410; x_wconf 89' lang='lat' dir='ltr'><strong>etiam</strong></span> <span class='ocrx_word' id='word_1_101' title='bbox 768 2325 947 2410; x_wconf 76' lang='lat' dir='ltr'><strong>Forcelliui</strong></span> <span class='ocrx_word' id='word_1_102' title='bbox 971 2341 1101 2408; x_wconf 87' lang='lat' dir='ltr'><strong>habet.</strong></span> 
     </span>
    </p>

    <p class='ocr_par' dir='ltr' id='par_1_10' title="bbox 254 2421 1453 2852">
     <span class='ocr_line' id='line_1_19' title="bbox 254 2421 1453 2547; baseline -0.004 -29"><span class='ocrx_word' id='word_1_103' title='bbox 254 2541 257 2547; x_wconf 18' lang='grc' dir='ltr'>ι</span> <span class='ocrx_word' id='word_1_104' title='bbox 381 2451 549 2533; x_wconf 77' lang='lat' dir='ltr'><strong>utaque</strong></span> <span class='ocrx_word' id='word_1_105' title='bbox 579 2450 697 2534; x_wconf 90' lang='lat' dir='ltr'><strong>locum,</strong></span> <span class='ocrx_word' id='word_1_106' title='bbox 728 2448 769 2516; x_wconf 92' lang='lat' dir='ltr'><strong>de</strong></span> <span class='ocrx_word' id='word_1_107' title='bbox 801 2468 863 2531; x_wconf 92' lang='lat' dir='ltr'><strong>qno</strong></span> <span class='ocrx_word' id='word_1_108' title='bbox 896 2445 1096 2533; x_wconf 85' lang='lat' dir='ltr'><strong>quaerimus,</strong></span> <span class='ocrx_word' id='word_1_109' title='bbox 1119 2454 1256 2516; x_wconf 88' lang='lat' dir='ltr'><strong>verto:</strong></span> <span class='ocrx_word' id='word_1_110' title='bbox 1259 2450 1380 2523; x_wconf 82' lang='lat' dir='ltr'><strong>„nem</strong></span> <span class='ocrx_word' id='word_1_111' title='bbox 1398 2421 1453 2513; x_wconf 77' lang='lat' dir='ltr'><strong>da·</strong></span> 
     </span>
     <span class='ocr_line' id='line_1_20' title="bbox 336 2555 1452 2640; baseline 0 -17"><span class='ocrx_word' id='word_1_112' title='bbox 336 2558 421 2624; x_wconf 87' lang='lat' dir='ltr'><strong>mals</strong></span> <span class='ocrx_word' id='word_1_113' title='bbox 449 2557 620 2623; x_wconf 89' lang='lat' dir='ltr'><strong>schrieb</strong></span> <span class='ocrx_word' id='word_1_114' title='bbox 606 2575 704 2640; x_wconf 81' lang='lat' dir='ltr'><strong>Jener</strong></span> <span class='ocrx_word' id='word_1_115' title='bbox 734 2555 1141 2624; x_wconf 77' lang='lat' dir='ltr'><strong>Geaohichtssehreiber</strong></span> <span class='ocrx_word' id='word_1_116' title='bbox 1131 2575 1181 2622; x_wconf 91' lang='lat' dir='ltr'><strong>m</strong></span> <span class='ocrx_word' id='word_1_117' title='bbox 1190 2555 1339 2622; x_wconf 79' lang='lat' dir='ltr'><strong>Thurii</strong></span> <span class='ocrx_word' id='word_1_118' title='bbox 1329 2575 1365 2623; x_wconf 93' lang='grc' dir='ltr'><strong>ιιι</strong></span> <span class='ocrx_word' id='word_1_119' title='bbox 1387 2556 1452 2623; x_wconf 98' lang='grc' dir='ltr'>Ι</span> 
     </span>
     <span class='ocr_line' id='line_1_21' title="bbox 336 2637 1451 2780; baseline -0.007 -48"><span class='ocrx_word' id='word_1_120' title='bbox 336 2663 436 2732; x_wconf 85' lang='grc' dir='ltr'>ιιιιι“.</span> <span class='ocrx_word' id='word_1_121' title='bbox 486 2662 659 2730; x_wconf 87' lang='lat' dir='ltr'><strong>Particnla</strong></span> <span class='ocrx_word' id='word_1_122' title='bbox 677 2667 798 2730; x_wconf 89' lang='lat' dir='ltr'><strong>autem</strong></span> <span class='ocrx_word' id='word_1_123' title='bbox 827 2663 1004 2733; x_wconf 88' lang='lat' dir='ltr'><strong>causativa</strong></span> <span class='ocrx_word' id='word_1_124' title='bbox 1032 2661 1155 2743; x_wconf 91' lang='lat' dir='ltr'><strong>optime</strong></span> <span class='ocrx_word' id='word_1_125' title='bbox 1183 2662 1227 2728; x_wconf 94' lang='lat' dir='ltr'><strong>ad</strong></span> <span class='ocrx_word' id='word_1_126' title='bbox 1254 2637 1451 2780; x_wconf 72' lang='lat' dir='ltr'><strong>praecedens</strong></span> 
     </span>
     <span class='ocr_line' id='line_1_22' title="bbox 338 2753 1450 2853; baseline -0.003 -17"><span class='ocrx_word' id='word_1_127' title='bbox 338 2769 543 2838; x_wconf 85' lang='lat' dir='ltr'><strong>enuntiatum</strong></span> <span class='ocrx_word' id='word_1_128' title='bbox 580 2769 774 2853; x_wconf 84' lang='lat' dir='ltr'><strong>quadrat„</strong></span> <span class='ocrx_word' id='word_1_129' title='bbox 778 2774 878 2837; x_wconf 90' lang='lat' dir='ltr'><strong>tanta</strong></span> <span class='ocrx_word' id='word_1_130' title='bbox 908 2771 1000 2836; x_wconf 88' lang='lat' dir='ltr'><strong>ebori</strong></span> <span class='ocrx_word' id='word_1_131' title='bbox 1035 2768 1220 2847; x_wconf 89' lang='lat' dir='ltr'><strong>auctoritas</strong></span> <span class='ocrx_word' id='word_1_132' title='bbox 1256 2775 1333 2838; x_wconf 87' lang='lat' dir='ltr'><strong>erat</strong></span> <span class='ocrx_word' id='word_1_133' title='bbox 1368 2753 1450 2837; x_wconf 80' lang='lat' dir='ltr'><strong>urbis</strong></span> 
     </span>
    </p>
   </div>
   <div class='ocr_carea' id='block_1_3' title="bbox 223 2874 1450 2964">
    <p class='ocr_par' dir='ltr' id='par_1_11' title="bbox 223 2874 1450 2964">
     <span class='ocr_line' id='line_1_23' title="bbox 223 2874 1450 2964; baseline -0.002 -19"><span class='ocrx_word' id='word_1_134' title='bbox 223 2892 224 2895; x_wconf 72' lang='grc'>’</span> <span class='ocrx_word' id='word_1_135' title='bbox 337 2882 474 2946; x_wconf 91' lang='lat' dir='ltr'><strong>nostrae</strong></span> <span class='ocrx_word' id='word_1_136' title='bbox 505 2875 632 2948; x_wconf 82' lang='lat' dir='ltr'>OOOX</span> <span class='ocrx_word' id='word_1_137' title='bbox 655 2879 774 2947; x_wconf 71' lang='lat' dir='ltr'><strong>annor.</strong></span> <span class='ocrx_word' id='word_1_138' title='bbox 820 2878 935 2948; x_wconf 86' lang='lat' dir='ltr'><strong>Verba</strong></span> <span class='ocrx_word' id='word_1_139' title='bbox 965 2874 1133 2946; x_wconf 83' lang='lat' dir='ltr'><strong>Herodoti</strong></span> <span class='ocrx_word' id='word_1_140' title='bbox 1157 2880 1238 2959; x_wconf 61' lang='lat' dir='ltr'><strong>ab?</strong></span> <span class='ocrx_word' id='word_1_141' title='bbox 1270 2875 1357 2946; x_wconf 88' lang='lat' dir='ltr'><strong>haec</strong></span> <span class='ocrx_word' id='word_1_142' title='bbox 1381 2876 1450 2964; x_wconf 81' lang='lat' dir='ltr'><strong>suut</strong></span> 
     </span>
    </p>
   </div>
   <div class='ocr_carea' id='block_1_4' title="bbox 337 2954 1449 3066">
    <p class='ocr_par' dir='ltr' id='par_1_12' title="bbox 337 2954 1449 3066">
     <span class='ocr_line' id='line_1_24' title="bbox 337 2954 1449 3066; baseline -0.003 -17"><span class='ocrx_word' id='word_1_143' title='bbox 337 2982 493 3065; x_wconf 80' lang='grc' dir='ltr'>ἀγινέουσι</span> <span class='ocrx_word' id='word_1_144' title='bbox 529 2983 567 3047; x_wconf 87' lang='grc' dir='ltr'><strong>τὸ</strong></span> <span class='ocrx_word' id='word_1_145' title='bbox 601 2986 692 3065; x_wconf 81' lang='grc' dir='ltr'>μέχρι</span> <span class='ocrx_word' id='word_1_146' title='bbox 730 2984 812 3060; x_wconf 80' lang='grc' dir='ltr'>ἐμοῦ.</span> <span class='ocrx_word' id='word_1_147' title='bbox 867 2983 1004 3052; x_wconf 82' lang='lat' dir='ltr'><strong>Scilicet</strong></span> <span class='ocrx_word' id='word_1_148' title='bbox 1039 2986 1129 3066; x_wconf 80' lang='grc' dir='ltr'>μέχρι</span> <span class='ocrx_word' id='word_1_149' title='bbox 1165 2983 1238 3059; x_wconf 81' lang='grc' dir='ltr'><strong>ἐμοῦ</strong></span> <span class='ocrx_word' id='word_1_150' title='bbox 1270 2954 1449 3066; x_wconf 75' lang='lat' dir='ltr'><strong>Aethiopes</strong></span> 
     </span>
    </p>
   </div>
   <div class='ocr_carea' id='block_1_5' title="bbox 336 3083 1571 3296">
    <p class='ocr_par' dir='ltr' id='par_1_13' title="bbox 336 3083 1571 3283">
     <span class='ocr_line' id='line_1_25' title="bbox 336 3083 1571 3178; baseline -0.005 -19"><span class='ocrx_word' id='word_1_151' title='bbox 336 3091 450 3160; x_wconf 85' lang='lat' dir='ltr'><strong>Persis</strong></span> <span class='ocrx_word' id='word_1_152' title='bbox 482 3092 584 3160; x_wconf 88' lang='lat' dir='ltr'><strong>etiam</strong></span> <span class='ocrx_word' id='word_1_153' title='bbox 614 3111 691 3158; x_wconf 92' lang='lat' dir='ltr'><strong>num</strong></span> <span class='ocrx_word' id='word_1_154' title='bbox 722 3093 815 3160; x_wconf 88' lang='lat' dir='ltr'><strong>ebur</strong></span> <span class='ocrx_word' id='word_1_155' title='bbox 833 3090 1035 3175; x_wconf 88' lang='lat' dir='ltr'><strong>pendebant;</strong></span> <span class='ocrx_word' id='word_1_156' title='bbox 1066 3093 1156 3172; x_wconf 76' lang='grc' dir='ltr'>μέχρι</span> <span class='ocrx_word' id='word_1_157' title='bbox 1182 3091 1256 3169; x_wconf 79' lang='grc' dir='ltr'><strong><em>ἐμευ</em></strong></span> <span class='ocrx_word' id='word_1_158' title='bbox 1278 3098 1393 3161; x_wconf 90' lang='lat' dir='ltr'><strong>autem</strong></span> <span class='ocrx_word' id='word_1_159' title='bbox 1411 3083 1446 3178; x_wconf 88' lang='lat' dir='ltr'><strong>od</strong></span> <span class='ocrx_word' id='word_1_160' title='bbox 1570 3149 1571 3168; x_wconf 61' lang='grc'>,</span> 
     </span>
     <span class='ocr_line' id='line_1_26' title="bbox 338 3179 1571 3296; baseline -0.008 -27"><span class='ocrx_word' id='word_1_161' title='bbox 338 3219 458 3280; x_wconf 88' lang='lat' dir='ltr'><strong>annum</strong></span> <span class='ocrx_word' id='word_1_162' title='bbox 486 3200 630 3283; x_wconf 78' lang='lat' dir='ltr'><strong>epochae</strong></span> <span class='ocrx_word' id='word_1_163' title='bbox 659 3199 806 3267; x_wconf 80' lang='lat' dir='ltr'><strong>Thuriae</strong></span> <span class='ocrx_word' id='word_1_164' title='bbox 832 3198 1051 3296; x_wconf 80' lang='lat' dir='ltr'><strong>referebatur.</strong></span> <span class='ocrx_word' id='word_1_165' title='bbox 1093 3199 1220 3280; x_wconf 87' lang='lat' dir='ltr'><strong>Itaque</strong></span> <span class='ocrx_word' id='word_1_166' title='bbox 1248 3198 1299 3268; x_wconf 88' lang='lat' dir='ltr'><strong>sic</strong></span> <span class='ocrx_word' id='word_1_167' title='bbox 1310 3199 1448 3269; x_wconf 86' lang='lat' dir='ltr'><strong>senten</strong></span> <span class='ocrx_word' id='word_1_168' title='bbox 1570 3179 1571 3230; x_wconf 52' lang='grc'>1</span> 
     </span>
    </p>
   </div>
   <div class='ocr_carea' id='block_1_6' title="bbox 337 3287 1454 3712">
    <p class='ocr_par' dir='ltr' id='par_1_14' title="bbox 337 3287 1454 3712">
     <span class='ocr_line' id='line_1_27' title="bbox 337 3287 1448 3389; baseline -0.006 -16"><span class='ocrx_word' id='word_1_169' title='bbox 337 3308 387 3375; x_wconf 89' lang='lat' dir='ltr'><strong>tia</strong></span> <span class='ocrx_word' id='word_1_170' title='bbox 410 3306 573 3389; x_wconf 89' lang='lat' dir='ltr'><strong>procedit:</strong></span> <span class='ocrx_word' id='word_1_171' title='bbox 599 3323 685 3373; x_wconf 90' lang='lat' dir='ltr'><strong>auno</strong></span> <span class='ocrx_word' id='word_1_172' title='bbox 709 3312 775 3368; x_wconf 91' lang='grc'><strong>444</strong></span> <span class='ocrx_word' id='word_1_173' title='bbox 803 3287 901 3373; x_wconf 86' lang='lat' dir='ltr'><strong>ebur</strong></span> <span class='ocrx_word' id='word_1_174' title='bbox 899 3324 1019 3372; x_wconf 83' lang='lat' dir='ltr'><strong>carum</strong></span> <span class='ocrx_word' id='word_1_175' title='bbox 1044 3309 1132 3382; x_wconf 82' lang='lat' dir='ltr'><strong>erat3</strong></span> <span class='ocrx_word' id='word_1_176' title='bbox 1155 3324 1233 3372; x_wconf 90' lang='lat' dir='ltr'><strong>nam</strong></span> <span class='ocrx_word' id='word_1_177' title='bbox 1255 3311 1327 3374; x_wconf 89' lang='lat' dir='ltr'><strong>tum</strong></span> <span class='ocrx_word' id='word_1_178' title='bbox 1350 3289 1448 3374; x_wconf 79' lang='lat' dir='ltr'><strong>Heio·</strong></span> 
     </span>
     <span class='ocr_line' id='line_1_28' title="bbox 338 3395 1454 3496; baseline -0.004 -11"><span class='ocrx_word' id='word_1_179' title='bbox 338 3415 396 3485; x_wconf 87' lang='lat' dir='ltr'><strong>dot</strong></span> <span class='ocrx_word' id='word_1_180' title='bbox 395 3433 434 3482; x_wconf 87' lang='lat' dir='ltr'><strong>us</strong></span> <span class='ocrx_word' id='word_1_181' title='bbox 474 3412 609 3496; x_wconf 79' lang='lat' dir='ltr'><strong>scripsit</strong></span> <span class='ocrx_word' id='word_1_182' title='bbox 651 3411 841 3496; x_wconf 89' lang='lat' dir='ltr'><strong>Aethiopas</strong></span> <span class='ocrx_word' id='word_1_183' title='bbox 876 3412 1054 3480; x_wconf 89' lang='lat' dir='ltr'><strong>etiamnum</strong></span> <span class='ocrx_word' id='word_1_184' title='bbox 1091 3413 1153 3480; x_wconf 88' lang='lat' dir='ltr'><strong>hoo</strong></span> <span class='ocrx_word' id='word_1_185' title='bbox 1182 3413 1342 3482; x_wconf 85' lang='lat' dir='ltr'><strong>tributum</strong></span> <span class='ocrx_word' id='word_1_186' title='bbox 1371 3395 1454 3480; x_wconf 82' lang='lat' dir='ltr'><strong>ieme</strong></span> 
     </span>
     <span class='ocr_line' id='line_1_29' title="bbox 338 3519 1450 3614; baseline -0.008 -24"><span class='ocrx_word' id='word_1_187' title='bbox 338 3521 453 3602; x_wconf 85' lang='lat' dir='ltr'><strong>solere.</strong></span> <span class='ocrx_word' id='word_1_188' title='bbox 500 3519 607 3592; x_wconf 87' lang='lat' dir='ltr'><strong>Vides</strong></span> <span class='ocrx_word' id='word_1_189' title='bbox 629 3519 829 3605; x_wconf 87' lang='lat' dir='ltr'><strong>particulam</strong></span> <span class='ocrx_word' id='word_1_190' title='bbox 860 3519 1072 3588; x_wconf 85' lang='lat' dir='ltr'><strong>causativam</strong></span> <span class='ocrx_word' id='word_1_191' title='bbox 1101 3525 1194 3588; x_wconf 86' lang='lat' dir='ltr'><strong>recte</strong></span> <span class='ocrx_word' id='word_1_192' title='bbox 1224 3525 1328 3614; x_wconf 84' lang='lat' dir='ltr'><strong>stare,</strong></span> <span class='ocrx_word' id='word_1_193' title='bbox 1361 3529 1450 3602; x_wconf 87' lang='lat' dir='ltr'><strong>quam</strong></span> 
     </span>
     <span class='ocr_line' id='line_1_30' title="bbox 337 3620 1453 3712; baseline -0.005 -17"><span class='ocrx_word' id='word_1_194' title='bbox 337 3633 448 3696; x_wconf 88' lang='lat' dir='ltr'><strong>tamen</strong></span> <span class='ocrx_word' id='word_1_195' title='bbox 487 3627 693 3696; x_wconf 83' lang='lat' dir='ltr'><strong>Dittriohius</strong></span> <span class='ocrx_word' id='word_1_196' title='bbox 732 3627 901 3712; x_wconf 85' lang='lat' dir='ltr'><strong>explicare</strong></span> <span class='ocrx_word' id='word_1_197' title='bbox 939 3645 1004 3694; x_wconf 91' lang='lat' dir='ltr'><strong>uon</strong></span> <span class='ocrx_word' id='word_1_198' title='bbox 1042 3631 1165 3709; x_wconf 89' lang='lat' dir='ltr'><strong>potest.</strong></span> <span class='ocrx_word' id='word_1_199' title='bbox 1222 3627 1339 3708; x_wconf 90' lang='lat' dir='ltr'><strong>Neque</strong></span> <span class='ocrx_word' id='word_1_200' title='bbox 1373 3620 1453 3690; x_wconf 80' lang='lat' dir='ltr'><strong>euim</strong></span> 
     </span>
    </p>
   </div>
   <div class='ocr_carea' id='block_1_7' title="bbox 337 3723 1569 3820">
    <p class='ocr_par' dir='ltr' id='par_1_15' title="bbox 337 3723 1569 3820">
     <span class='ocr_line' id='line_1_31' title="bbox 337 3723 1569 3820; baseline -0.003 -18"><span class='ocrx_word' id='word_1_201' title='bbox 337 3742 434 3820; x_wconf 91' lang='lat' dir='ltr'><strong>propt</strong></span> <span class='ocrx_word' id='word_1_202' title='bbox 436 3753 515 3808; x_wconf 88' lang='lat' dir='ltr'><strong>eree</strong></span> <span class='ocrx_word' id='word_1_203' title='bbox 538 3736 618 3804; x_wconf 90' lang='lat' dir='ltr'><strong>ebur</strong></span> <span class='ocrx_word' id='word_1_204' title='bbox 634 3753 732 3804; x_wconf 88' lang='lat' dir='ltr'><strong>anno</strong></span> <span class='ocrx_word' id='word_1_205' title='bbox 752 3733 829 3805; x_wconf 88' lang='grc'><strong>444</strong></span> <span class='ocrx_word' id='word_1_206' title='bbox 846 3753 958 3802; x_wconf 91' lang='lat' dir='ltr'><strong>carum</strong></span> <span class='ocrx_word' id='word_1_207' title='bbox 974 3741 1059 3812; x_wconf 85' lang='lat' dir='ltr'><strong>erat,</strong></span> <span class='ocrx_word' id='word_1_208' title='bbox 1076 3734 1232 3816; x_wconf 92' lang='lat' dir='ltr'><strong>quiahoc</strong></span> <span class='ocrx_word' id='word_1_209' title='bbox 1249 3753 1334 3801; x_wconf 89' lang='lat' dir='ltr'><strong>anuo</strong></span> <span class='ocrx_word' id='word_1_210' title='bbox 1349 3723 1452 3800; x_wconf 80' lang='lat' dir='ltr'><strong>Hero‘·</strong></span> <span class='ocrx_word' id='word_1_211' title='bbox 1568 3795 1569 3798; x_wconf 74' lang='grc'>,</span> 
     </span>
    </p>
   </div>
   <div class='ocr_carea' id='block_1_8' title="bbox 337 3838 1453 4143">
    <p class='ocr_par' dir='ltr' id='par_1_16' title="bbox 337 3838 1453 4139">
     <span class='ocr_line' id='line_1_32' title="bbox 337 3838 1453 3930; baseline -0.007 -20"><span class='ocrx_word' id='word_1_212' title='bbox 337 3843 434 3911; x_wconf 91' lang='lat' dir='ltr'><strong>dotus</strong></span> <span class='ocrx_word' id='word_1_213' title='bbox 465 3841 605 3910; x_wconf 80' lang='lat' dir='ltr'><strong>Thurios</strong></span> <span class='ocrx_word' id='word_1_214' title='bbox 642 3840 803 3926; x_wconf 89' lang='lat' dir='ltr'><strong>condidit,</strong></span> <span class='ocrx_word' id='word_1_215' title='bbox 835 3841 894 3910; x_wconf 91' lang='lat' dir='ltr'><strong>sed</strong></span> <span class='ocrx_word' id='word_1_216' title='bbox 930 3840 1008 3924; x_wconf 91' lang='lat' dir='ltr'><strong>quia</strong></span> <span class='ocrx_word' id='word_1_217' title='bbox 1038 3841 1100 3908; x_wconf 91' lang='lat' dir='ltr'><strong>hoo</strong></span> <span class='ocrx_word' id='word_1_218' title='bbox 1130 3857 1217 3908; x_wconf 91' lang='lat' dir='ltr'><strong>auno</strong></span> <span class='ocrx_word' id='word_1_219' title='bbox 1247 3838 1453 3930; x_wconf 83' lang='lat' dir='ltr'><strong>historiarum</strong></span> 
     </span>
     <span class='ocr_line' id='line_1_33' title="bbox 337 3935 1452 4042; baseline -0.006 -27"><span class='ocrx_word' id='word_1_220' title='bbox 337 3948 440 4016; x_wconf 90' lang='lat' dir='ltr'><strong>libros</strong></span> <span class='ocrx_word' id='word_1_221' title='bbox 465 3948 613 4040; x_wconf 87' lang='lat' dir='ltr'><strong>condidit</strong></span> <span class='ocrx_word' id='word_1_222' title='bbox 637 3954 672 4016; x_wconf 88' lang='lat' dir='ltr'><strong>et</strong></span> <span class='ocrx_word' id='word_1_223' title='bbox 695 3967 799 4042; x_wconf 84' lang='lat' dir='ltr'><strong>usqne</strong></span> <span class='ocrx_word' id='word_1_224' title='bbox 824 3950 867 4017; x_wconf 90' lang='lat' dir='ltr'><strong>ad</strong></span> <span class='ocrx_word' id='word_1_225' title='bbox 889 3949 922 4014; x_wconf 93' lang='lat' dir='ltr'><strong>id</strong></span> <span class='ocrx_word' id='word_1_226' title='bbox 938 3952 1069 4032; x_wconf 87' lang='lat' dir='ltr'><strong>tempus</strong></span> <span class='ocrx_word' id='word_1_227' title='bbox 1085 3949 1156 4017; x_wconf 88' lang='lat' dir='ltr'><strong>Aet</strong></span> <span class='ocrx_word' id='word_1_228' title='bbox 1141 3950 1273 4032; x_wconf 87' lang='lat' dir='ltr'><strong>thiopes</strong></span> <span class='ocrx_word' id='word_1_229' title='bbox 1288 3949 1370 4015; x_wconf 89' lang='lat' dir='ltr'><strong>ebur</strong></span> <span class='ocrx_word' id='word_1_230' title='bbox 1385 3935 1452 4008; x_wconf 83' lang='lat' dir='ltr'><strong>cnm</strong></span> 
     </span>
     <span class='ocr_line' id='line_1_34' title="bbox 337 4055 1453 4143; baseline -0.005 -21"><span class='ocrx_word' id='word_1_231' title='bbox 337 4057 463 4123; x_wconf 89' lang='lat' dir='ltr'><strong>hebeno</strong></span> <span class='ocrx_word' id='word_1_232' title='bbox 496 4061 531 4122; x_wconf 89' lang='lat' dir='ltr'><strong>et</strong></span> <span class='ocrx_word' id='word_1_233' title='bbox 562 4075 642 4124; x_wconf 90' lang='lat' dir='ltr'><strong>auro</strong></span> <span class='ocrx_word' id='word_1_234' title='bbox 673 4055 843 4139; x_wconf 89' lang='lat' dir='ltr'><strong>pensitare</strong></span> <span class='ocrx_word' id='word_1_235' title='bbox 880 4057 1042 4138; x_wconf 87' lang='lat' dir='ltr'><strong>solebant,</strong></span> <span class='ocrx_word' id='word_1_236' title='bbox 1073 4055 1148 4143; x_wconf 89' lang='lat' dir='ltr'><strong>ideo</strong></span> <span class='ocrx_word' id='word_1_237' title='bbox 1179 4056 1307 4124; x_wconf 90' lang='lat' dir='ltr'><strong>Plinius</strong></span> <span class='ocrx_word' id='word_1_238' title='bbox 1339 4059 1453 4136; x_wconf 77' lang='lat' dir='ltr'><strong>aunum</strong></span> 
     </span>
    </p>
   </div>
   <div class='ocr_carea' id='block_1_9' title="bbox 340 4137 1571 4247">
    <p class='ocr_par' dir='ltr' id='par_1_17' title="bbox 340 4137 1571 4247">
     <span class='ocr_line' id='line_1_35' title="bbox 340 4137 1571 4247; baseline -0.014 -19"><span class='ocrx_word' id='word_1_239' title='bbox 340 4170 405 4228; x_wconf 89' lang='grc'><strong>444</strong></span> <span class='ocrx_word' id='word_1_240' title='bbox 428 4162 567 4231; x_wconf 88' lang='lat' dir='ltr'><strong>addidit.</strong></span> <span class='ocrx_word' id='word_1_241' title='bbox 615 4162 716 4230; x_wconf 92' lang='lat' dir='ltr'><strong>Plinii</strong></span> <span class='ocrx_word' id='word_1_242' title='bbox 739 4162 942 4247; x_wconf 90' lang='lat' dir='ltr'><strong>temporibus</strong></span> <span class='ocrx_word' id='word_1_243' title='bbox 966 4165 1046 4230; x_wconf 91' lang='lat' dir='ltr'><strong>ebur</strong></span> <span class='ocrx_word' id='word_1_244' title='bbox 1067 4182 1132 4231; x_wconf 93' lang='lat' dir='ltr'><strong>uon</strong></span> <span class='ocrx_word' id='word_1_245' title='bbox 1156 4169 1226 4230; x_wconf 90' lang='lat' dir='ltr'><strong>tam</strong></span> <span class='ocrx_word' id='word_1_246' title='bbox 1249 4175 1357 4230; x_wconf 88' lang='lat' dir='ltr'><strong>rarum</strong></span> <span class='ocrx_word' id='word_1_247' title='bbox 1374 4137 1454 4219; x_wconf 83' lang='lat' dir='ltr'><strong>erat,</strong></span> <span class='ocrx_word' id='word_1_248' title='bbox 1570 4185 1571 4190; x_wconf 21' lang='grc' dir='ltr'><strong>κ</strong></span> 
     </span>
    </p>
   </div>
   <div class='ocr_carea' id='block_1_10' title="bbox 338 4266 1452 4376">
    <p class='ocr_par' dir='ltr' id='par_1_18' title="bbox 338 4266 1452 4376">
     <span class='ocr_line' id='line_1_36' title="bbox 338 4266 1452 4376; baseline -0.008 -38"><span class='ocrx_word' id='word_1_249' title='bbox 338 4289 435 4352; x_wconf 90' lang='lat' dir='ltr'><strong>quam</strong></span> <span class='ocrx_word' id='word_1_250' title='bbox 465 4271 558 4356; x_wconf 90' lang='lat' dir='ltr'><strong>olim,</strong></span> <span class='ocrx_word' id='word_1_251' title='bbox 588 4289 660 4341; x_wconf 90' lang='lat' dir='ltr'><strong>cum</strong></span> <span class='ocrx_word' id='word_1_252' title='bbox 690 4272 881 4374; x_wconf 83' lang='lat' dir='ltr'><strong>Herodotus</strong></span> <span class='ocrx_word' id='word_1_253' title='bbox 913 4270 1048 4354; x_wconf 90' lang='lat' dir='ltr'><strong>scripsit</strong></span> <span class='ocrx_word' id='word_1_254' title='bbox 1071 4270 1240 4354; x_wconf 77' lang='lat' dir='ltr'><strong>(condidit)</strong></span> <span class='ocrx_word' id='word_1_255' title='bbox 1228 4277 1267 4355; x_wconf 34' lang='grc'><strong>),,</strong></span> <span class='ocrx_word' id='word_1_256' title='bbox 1287 4282 1348 4354; x_wconf 89' lang='lat' dir='ltr'><strong>quo</strong></span> <span class='ocrx_word' id='word_1_257' title='bbox 1375 4266 1452 4376; x_wconf 57' lang='grc' dir='ltr'>ιινι</span> 
     </span>
    </p>
   </div>
   <div class='ocr_carea' id='block_1_11' title="bbox 0 0 1623 4932">
    <p class='ocr_par' dir='ltr' id='par_1_19' title="bbox 0 0 1623 4932">
     <span class='ocr_line' id='line_1_37' title="bbox 0 0 1623 4932; baseline 0 0"><span class='ocrx_word' id='word_1_258' title='bbox 0 0 1623 4932; x_wconf 95' lang='lat' dir='ltr'><strong> </strong></span> 
     </span>
    </p>
   </div>
  </div>
 </body>
</html>
