3232 4938
656 461 949 518 ,27-.

206 630 318 714 phocli
357 631 537 714 adscripta.
603 630 726 698 Confer
767 630 1020 702 Wilamowitz
1059 637 1160 703 Herc.
1200 636 1262 704 fur.
1298 638 1333 705 in

207 739 318 823 priore
335 737 482 806 editione
498 738 616 824 (1889)
636 739 655 805 Ι
678 759 752 823 pag.
771 746 858 806 1011.
898 742 975 808 Hac
996 742 1104 826 elegia
1127 741 1223 810 nixus
1241 741 1333 813 Sittl

207 846 267 915 Gr.
302 845 605 930 Litteraturgeseh.
640 847 678 912 Π
709 850 823 931 (1886)
852 868 927 933 pag.
954 855 1028 932 370,
1054 858 1072 914 2
1098 849 1333 928 (Wiedemann

155 1027 162 1040 g
211 974 285 1038 pag.
313 958 364 1028 32,
389 954 564 1022 Hauvette
588 973 661 1038 pag.
687 952 743 1038 36)
769 954 839 1022 sine
864 957 954 1023 iusta
972 976 1075 1024 eausa
1090 977 1225 1040 puerum
1243 979 1332 1026 ama·

210 1061 329 1128 terium
353 1059 386 1126 in
417 1061 591 1128 Herodoto
615 1080 795 1144 agnoscere
827 1064 974 1131 volebat.
1019 1064 1073 1131 Ac
1099 1084 1142 1131 ne
1169 1064 1332 1136 Zurbor·

205 1167 296 1254 gius
334 1167 479 1252 quidem,
511 1168 568 1250 qui
599 1169 781 1252 separatim
813 1171 853 1236 de
890 1171 1052 1254 Sophocle
1084 1178 1119 1238 et
1154 1173 1263 1257 elegia
1297 1175 1332 1241 in

206 1278 356 1344 Hermae
387 1276 551 1344 volumine
583 1276 709 1342 decimo
744 1277 858 1362 (1876)
892 1279 1035 1363 scripsit,
1066 1299 1180 1348 verum
1208 1281 1333 1348 vidisse

205 1383 289 1451 mihi
318 1382 451 1451 videtur
479 1388 633 1450 statuens
661 1384 825 1467 poeticam
858 1386 1036 1468 epistulam
1059 1387 1103 1452 ad
1126 1388 1333 1455 Herodotum

204 1489 342 1558 Thuriis
374 1490 551 1574 degentem
583 1509 605 1558 8
634 1491 797 1574 Sophocle
825 1493 993 1576 scriptam,
1024 1493 1174 1560 nimirum
1197 1499 1334 1577 propter

205 1598 392 1682 epistulare
416 1597 660 1680 epigrammatii
684 1598 823 1667 initium.

199 1771 202 1778 .
297 1705 363 1774 Sed
394 1723 505 1772 verum
536 1705 570 1771 in
601 1712 728 1788 aperto.
776 1707 842 1774 Our
873 1709 1008 1775 tandem
1040 1727 1176 1775 necesse
1209 1713 1260 1775 est
1293 1710 1334 1774 de

203 1813 380 1880 Herodoto
412 1812 569 1880 historico
603 1813 774 1896 cogitare?
820 1815 911 1882 Satis
943 1815 1097 1898 frequens
1127 1834 1235 1881 nonne
1258 1824 1334 1882 8181

203 1925 268 1990 hoe
292 1940 409 1987 nomen
439 1921 599 2003 multique
626 1922 790 2004 Herodoti
813 1943 855 1988 ex
877 1923 1043 2005 lapidibus
1072 1930 1148 2006 post
1177 1920 1333 1992 Baehrii

208 2029 400 2112 catalogum
424 2028 590 2112 (Herodot
615 2029 665 2096 ed.
690 2031 803 2097 Baebr
825 2032 876 2096 IV
901 2033 1014 2112 (1861)
1038 2050 1114 2114 pag.
1140 2037 1218 2112 401)
1242 2030 1332 2097 inno·

211 2140 352 2218 tuerunt,
382 2135 476 2203 velut
503 2135 539 2202 in
566 2135 834 2218 inscriptionibus
865 2136 1030 2206 Graeciae
1059 2137 1333 2220 septentrionalis

213 2245 234 2310 Ι
260 2243 309 2325 ed.
343 2240 619 2328 Dittenberger
650 2243 766 2329 (1892)
794 2250 829 2312 81
852 2264 894 2312 ex
910 2244 988 2313 (lois
1011 2244 1120 2311 titulis
1144 2245 1194 2310 ed.
1212 2241 1332 2312 Hicks

211 2349 348 2439 (1891)1
379 2350 547 2432 'Equidem
582 2356 662 2434 puto
694 2351 887 2434 Sophoclem
912 2353 998 2419 hanc
1022 2352 1115 2417 odam
1140 2351 1212 2419 viro
1236 2350 1330 2416 nobis

209 2459 334 2544 ignoto,
359 2458 412 2525 cui
434 2478 552 2524 nomen
576 2465 649 2525 erat
673 2458 854 2542 Herodoto,
879 2458 1019 2526 misisse.

300 2567 368 2635 Sed
397 2569 483 2634 hanc
514 2566 824 2649 interpretationem
855 2585 920 2634 non
950 2585 1074 2650 premo,
1106 2566 1184 2648 quia
1215 2584 1331 2634 versus

206 2675 274 2759 ipsi
305 2675 400 2758 peius
430 2674 548 2742 traditi
580 2679 666 2758 sunt,
695 2695 790 2758 quem
815 2677 852 2741 ut
877 2674 962 2742 certi
985 2673 1160 2757 quidquam
1184 2674 1332 2758 proferre

205 2783 335 2850 liceret.
665 2785 668 2795 “

298 2890 416 2971 Neque
443 2894 556 2955 tamen
584 2889 658 2956 ideo
688 2889 835 2956 amicitia
867 2890 1039 2972 Sophoclis
1063 2908 1135 2956 cum
1159 2889 1332 2955 Herodoto

202 3000 309 3083 plane
337 2997 491 3080 neganda
520 3000 582 3078 est,
612 2995 708 3062 immo
737 3015 890 3080 magnam
919 2997 1022 3064 habet
1050 2995 1207 3064 veritatis
1230 2995 1330 3077 speci-

202 3124 296 3181 men,
321 3104 401 3170 licet
424 3103 513 3170 nullo
537 3103 727 3170 testimonio
752 3105 991 3185 comprobetur.

299 3212 388 3278 Nam
411 3230 453 3278 ne
476 3229 594 3278 versus
609 3210 739 3292 quidem
756 3209 805 3278 illi
820 3209 1051 3294 Antigonam)
1077 3211 1138 3276 huc
1154 3209 1333 3294 pertinent,

202 3319 288 3402 quia
314 3318 385 3385 sine
409 3319 505 3385 dubio
529 3317 761 3401 interpolatori
778 3319 949 3402 debentur,
966 3315 1116 3400 quamvis
1132 3316 1334 3383 confidenter

202 3423 423 3496 Pischelius
454 3427 599 3493 Hermes
627 3420 668 3490 118
700 3430 816 3512 (1883)
846 3445 923 3509 pag.
950 3431 1012 3488 465
1038 3424 1247 3491 authentiam
1270 3443 1333 3491 non

201 3541 277 3601 tam
302 3531 461 3600 defendat
485 3551 582 3614 quam
606 3532 718 3600 edicat
742 3534 838 3614 quasi
862 3553 902 3598 ex
926 3531 1096 3598 cathedra.

297 3641 387 3707 Nam
411 3647 445 3706 et
469 3659 584 3707 versus
608 3639 747 3724 virginis
773 3639 966 3705 castitatem
991 3638 1152 3706 dedecent
1176 3637 1328 3705 8181111-

205 3767 316 3834 gonae
341 3747 487 3814 condicio
511 3746 651 3814 fratrem
673 3752 836 3814 mortuum
860 3745 1004 3831 lugentis
1028 3766 1048 3811 a
1072 3746 1209 3812 muliere
1232 3747 1327 3812 Inta-

204 3855 342 3940 phernis
366 3855 504 3922 fratrem
527 3854 636 3923 vivum
661 3860 861 3938 exposcente
884 3855 982 3937 longe
1006 3853 1120 3939 distat,
1138 3853 1223 3934 quod
1240 3853 1326 3922 Goe-

204 3961 308 4045 thius,
334 3962 563 4030 celeberrimus
586 3963 643 4029 ille
666 3966 774 4046 poeta,
797 3965 889 4028 recte
913 3961 1028 4028 sensit.

300 4067 434 4139 Busolt
460 4071 518 4138 11²
536 4070 653 4156 (1895)
670 4087 748 4153 pag.
768 4075 829 4134 611
850 4067 960 4134 Philol
985 4065 1071 4168 Aua
1094 4071 1176 4130 1818
1194 4086 1270 4151 pag.
1286 4073 1327 4131 26

290 4265 325 4374 1*1
345 4303 496 4358 eoa-era.
