3232 4938
802 397 1020 456 ..28-

444 573 635 642 Huuvette
658 591 734 657 pag.
760 577 810 636 89.

444 679 567 752 Cruor
591 679 826 764 Grundfragen
850 679 908 744 der
923 674 1154 748 Homerkritik
1177 679 1295 756 (1895)
1312 694 1392 760 pag.
1410 684 1483 740 254.

443 787 740 874 Epigrammatium
755 787 867 869 igitur,
885 786 971 868 qnod
987 782 1254 861 ὁμολογουμένως
1271 782 1484 850 Plutarchus

354 897 508 980 Sophocli
540 895 704 972 attribuit,
738 895 781 962 ad
811 895 910 962 alium
943 891 1147 960 Herodotum
1177 889 1341 974 pertinet,
1369 909 1485 959 versus

358 1005 390 1071 in
416 1003 589 1088 Antigona
612 1003 716 1086 spurii
738 1008 823 1068 sunt.

443 1111 610 1194 Sequitur,
637 1117 676 1177 ut
708 1111 748 1176 de
776 1109 884 1194 Anyti
915 1108 1139 1192 psephismate
1171 1127 1192 1172 a
1222 1106 1417 1173 Plutarcho
1448 1105 1486 1170 de

356 1220 490 1304 malign.
522 1218 605 1285 Hdt.
643 1224 684 1282 26
713 1218 758 1299 (V
774 1236 856 1301 pag.
880 1221 943 1281 229
967 1218 1022 1297 Β.)
1059 1214 1186 1282 tradito
1217 1213 1403 1280 dicendum
1434 1212 1486 1280 sit.

354 1327 485 1394 Nomen
516 1325 624 1408 Anyti
654 1344 675 1391 a
703 1325 855 1390 Turnebo
886 1329 979 1390 recte
1003 1341 1045 1389 ex
1071 1322 1213 1388 lectione
1237 1320 1394 1388 codicum
1420 1317 1488 1384 ἀντὶ

355 1437 414 1496 τοῦ
437 1431 487 1517 (τὸ
520 1431 664 1514 ψήφισμα
697 1431 891 1517 γράψαντος)
915 1430 1107 1498 restitutum
1131 1433 1193 1508 est,
1217 1429 1252 1494 in
1277 1448 1347 1511 quo
1373 1435 1486 1496 18111811

356 1560 441 1625 num,
470 1545 508 1607 ut
534 1539 709 1629 llleyerus
737 1559 813 1623 pag.
838 1546 902 1606 200
930 1536 1189 1622 vmusmroris
1219 1536 1277 1602 ille
1303 1542 1488 1604 accusator

355 1648 584 1732 agnoscendus
609 1652 710 1724 esset,
734 1652 827 1713 recte
850 1643 1160 1714 Waclrsmuthius
1184 1643 1391 1730 Einleitnng
1412 1664 1486 1728 pag.
1596 1713 1597 1716 ,

357 1762 419 1820 512
456 1762 490 1822 et
527 1751 744 1823 Indeichius
787 1755 874 1836 apud
909 1753 1206 1837 Pauly-Wissowa
1236 1771 1262 1818 s.
1296 1771 1329 1820 v.
1360 1749 1489 1827 Ἀουτος

358 1863 604 1930 dubitaverunt.
649 1859 773 1929 Confer
796 1860 935 1931 Silzler
959 1861 1101 1928 Bursian
1126 1867 1167 1924 83
1192 1863 1311 1944 (1895)
1338 1881 1418 1945 pag.
1438 1864 1487 1924 89.

447 1970 531 2036 Tres
559 1970 749 2037 sententiae
777 1989 897 2054 eorum,
926 1969 983 2051 qui
1010 1969 1050 2034 da
1078 1969 1139 2036 hoc
1162 1966 1398 2050 psephismate
1424 1968 1488 2033 dis·

358 2081 571 2161 putaverunt,
597 2096 618 2143 a
641 2077 752 2144 limine
776 2079 963 2145 reiciendae
988 2083 1075 2160 sunt,
1101 2075 1177 2159 qnia
1200 2075 1335 2158 positae
1358 2075 1488 2142 suntin

356 2186 486 2268 Anyto,
518 2183 666 2252 Socratis
697 2184 904 2268 adversario,
939 2185 1078 2267 primum
1115 2180 1260 2269 Meyeri
1297 2183 1488 2251 statuentis
1599 2204 1600 2240 ³

359 2292 449 2359 circa
473 2291 603 2359 initium
626 2292 706 2360 belli
728 2291 1001 2375 Peloponnesiaci
1024 2291 1231 2358 Herodotum
1255 2289 1341 2357 illud
1367 2291 1489 2357 donum

357 2399 536 2481 accepisse.
583 2400 634 2467 At
663 2402 748 2467 bello
785 2401 935 2466 instante
970 2398 1116 2466 homines
1147 2397 1309 2481 pecuniae
1343 2415 1485 2482 parcere
1599 2427 1600 2430 ¹

357 2505 475 2578 solent,
501 2506 613 2586 itaque
636 2513 716 2572 ante
740 2508 861 2573 bellum
885 2507 1057 2589 pecuniam
1081 2506 1194 2571 datam
1217 2523 1292 2571 esse
1315 2507 1418 2573 malo.

446 2610 577 2677 Deinde
611 2610 775 2681 Cohetus
798 2615 918 2680 Mnem.
944 2614 1015 2682 VII
1032 2617 1144 2696 (1888)
1160 2631 1237 2695 pag.
1261 2616 1326 2677 268
1345 2611 1483 2692 errarit,

359 2718 414 2799 qui
442 2721 543 2785 totam
572 2719 746 2785 Plutarchi
775 2720 953 2805 deAnyto
977 2719 1259 2787 narratiunculam
1284 2739 1327 2787 ex
1351 2718 1482 2805 parvul·

358 2827 447 2908 gatis
477 2825 518 2892 de
541 2825 691 2893 Socratis
715 2834 821 2895 morte
850 2828 977 2914 fabulis
996 2827 1106 2894 fictam
1132 2847 1206 2895 esse
1234 2829 1351 2896 voluit.
1401 2830 1480 2897 Tun

359 2931 526 3002 Zeitzius
550 2940 646 3002 ratus
670 2935 703 3001 in
728 2941 973 3020 programmate
997 2935 1038 3001 da
1060 2935 1257 3003 lectionibus
1273 2935 1479 3006 Herodoteis

357 3042 470 3127 (1882)
503 3048 537 3108 et
569 3042 649 3109 alibi
681 3048 715 3109 at
746 3045 809 3109 hoc
838 3039 910 3110 loco
942 3043 1148 3109 Herodotum
1177 3047 1278 3126 atque
1307 3043 1477 3113 Socratem

356 3149 390 3217 in
414 3149 571 3216 memoria
595 3149 783 3216 litterarum
808 3151 961 3217 confusos
985 3169 1068 3218 esse.

449 3257 655 3343 Quamquam
675 3257 780 3341 igitur
794 3257 967 3342 nescimus,
983 3258 1060 3339 quid
1082 3257 1157 3324 huic
1174 3259 1289 3342 Anyto
1306 3258 1479 3334 faciamus,

358 3369 471 3430 tamen
502 3364 543 3430 de
574 3365 638 3433 fide
674 3365 910 3449 psephismatis
943 3365 1095 3432 dubitare
1126 3383 1190 3430 non
1221 3365 1301 3432 licet
1333 3405 1375 3414 —
1411 3365 1478 3449 quis

358 3476 468 3537 autem
493 3474 682 3555 psephisma
700 3472 823 3540 'tulerit
846 3492 910 3539 non
934 3473 984 3539 ita
1007 3474 1144 3540 multum
1160 3475 1307 3540 valet-
1329 3479 1482 3541 nontam

448 3631 474 3701 *)
493 3631 588 3686 Aliter
611 3633 688 3689 Woil
707 3633 802 3688 Revuo
822 3633 869 3688 dos
889 3633 986 3688 trudes
999 3648 1135 3704 grecques
1148 3633 1204 3688 VII
1216 3634 1310 3703 (1894)
1332 3650 1397 3704 pag.
1421 3632 1480 3687 261.

357 3721 465 3778 llaihel
498 3721 554 3776 ind.
588 3719 664 3775 uoto.
701 3725 776 3778 1897.
818 3725 923 3780 Bruhn
955 3722 1051 3778 Jahrb.
1087 3725 1156 3778 1898
1188 3739 1251 3792 pag.
1281 3723 1341 3778 248.
1391 3719 1480 3776 Potin

358 3809 464 3865 Etudes
483 3825 531 3865 sur
549 3811 590 3866 les
609 3809 753 3879 tragiqnes
772 3809 871 3878 Grecs3
893 3803 1033 3880 Sophocle.
1054 3811 1146 3881 (1895)
1165 3829 1227 3882 pag.
1241 3815 1301 3869 275.
1335 3811 1480 3878 uoniperr

358 3901 511 3971 Melanges,
536 3901 570 3956 H.
593 3900 672 3955 Weil.
697 3916 733 3954 on
752 3900 924 3954 Eckermann
948 3901 1009 3968 28(3
1034 3902 1102 3956 1827
1137 3901 1183 3969 (of.
1207 3904 1305 3959 hohor
1326 3902 1426 3955 linem.
1446 3895 1478 3950 21

359 3991 452 4059 (1893)
476 4007 539 4060 pag.
568 3993 645 4060 224)
674 3990 729 4058 „Fls
756 3989 863 4045 kommt
889 3987 918 4044 iu
942 3987 991 4044 der
1008 3989 1150 4061 Antigone
1170 3991 1231 4047 eina
1250 3991 1337 4046 Stella
1356 4003 1415 4050 vor,
1435 3980 1478 4037 dio

359 4078 412 4133 mir
435 4079 532 4136 immor
557 4079 598 4134 als
622 4079 668 4135 ein
692 4078 811 4133 Flecken
835 4078 982 4145 erecheint
1007 4077 1063 4132 und
1088 4093 1193 4134 warum
1218 4079 1261 4134 ich
1285 4079 1372 4135 violes
1390 4072 1478 4145 gabon

359 4170 476 4234 mochte
500 4185 579 4226 wenn
605 4167 648 4224 ein
673 4168 814 4237 thchtiger
839 4167 984 4238 Philologo
1009 4183 1060 4224 uns
1082 4165 1211 4234 bcwiaae,
1232 4168 1271 4227 sia
1291 4173 1365 4225 utre
1385 4164 1477 4229 einge-

361 4258 478 4314 sohoben
498 4260 554 4316 und
573 4259 701 4316 nnecht“.
