3232 4938
670 419 989 500 ⁴-ar-

409 592 474 661 Sed
498 593 600 661 Dmis
623 613 687 660 uon
708 594 737 660 is
754 599 818 676 cst,
835 593 1018 674 quiveram
1037 599 1073 658 et
1088 593 1278 675 adoptivam
1297 594 1443 676 patriam

321 701 416 767 docte
441 700 624 767 discernat.
671 701 774 766 Immo
799 699 972 766 doctrinae
994 699 1178 766 incuriosus
1201 699 1443 782 Pauyassidem

320 809 354 874 in
377 807 534 874 maiorem
559 807 651 875 Sami
673 807 811 890 gloriam
836 806 982 875 Samium
1005 807 1038 873 in
1060 806 1254 876 Samiorum*
1267 808 1444 874 annalibus

321 913 506 994 ἀνέγραψεν.
554 915 646 980 Idem
670 915 807 980 verbum
831 913 1022 995 ἀναγράφειν
1046 915 1077 980 in
1102 914 1167 981 alio
1183 913 1323 982 Duridis
1354 913 1443 998 frag·

320 1029 432 1093 mento
467 1021 602 1106 legitur,
638 1021 724 1103 quod
759 1026 813 1087 est
848 1021 881 1087 iu
915 1021 1092 1106 Porphyrii
1122 1021 1193 1090 vita
1224 1021 1444 1105 Pythagorae

320 1129 374 1217 (fr.
409 1137 449 1194 116
482 1130 556 1216 Μ.);
587 1132 621 1194 ἐν
652 1131 788 1216 δευτέρῳ
819 1137 886 1192 τῶν
910 1126 1019 1209 Ὥρων
1050 1127 1146 1192 παῖδά
1178 1125 1203 1189 τ’
1237 1131 1339 1192 αυτοῦ
1372 1127 1443 1192 ἀνα-

321 1239 432 1318 γράφει
464 1237 661 1320 Ἀρίμνηστον
695 1241 747 1300 καὶ
784 1285 791 1298 .
828 1284 835 1298 .
872 1285 879 1300 .
914 1237 1036 1317 itaque
1076 1234 1234 1304 Kreusii
1273 1235 1444 1304 sententia

322 1353 434 1428 (sopra
464 1364 540 1430 pag.
575 1349 627 1426 11)
660 1345 700 1410 de
730 1344 904 1410 Herodoto
935 1343 1056 1426 Samio,
1084 1362 1182 1425 quam
1212 1340 1388 1410 Bauerns
1411 1342 1443 1408 iu

321 1452 513 1519 recensione
549 1452 664 1536 (supra
698 1471 774 1535 pag.
814 1457 866 1526 12)
903 1450 1071 1532 ampiexus
1108 1454 1167 1520 est.
1205 1449 1285 1515 mihi
1317 1468 1444 1532 qnoque

324 1557 446 1627 arrisit.

411 1667 571 1732 Fortasse
599 1666 678 1732 licet
710 1669 858 1731 statuere
881 1665 1041 1731 Doridem
1072 1665 1134 1730 hoc
1156 1664 1318 1747 posuisse,
1349 1683 1443 1746 prae·

321 1773 435 1841 sertim
469 1791 562 1855 quem
594 1771 760 1840 Herodoti
795 1772 953 1839 historias
989 1772 1023 1836 in
1055 1769 1181 1837 deliciis
1213 1772 1372 1839 habuisse
1403 1791 1445 1836 ex

322 1879 519 1964 fragmentis
543 1885 715 1963 appareat.
765 1877 887 1944 (lenter

411 1989 450 2054 11.
475 1996 516 2051 18
541 1987 582 2054 de
605 1988 714 2054 insula
736 1989 906 2052 beatorum

410 2097 450 2160 11.
476 2103 539 2170 19ει
563 2095 602 2161 ds
627 2094 777 2180 Gorgyia

410 2202 449 2269 ir.
485 2208 525 2265 50
558 2202 598 2268 de
630 2202 716 2267 bello
752 2200 953 2284 Aeginetico
986 2203 1064 2266 Em.
1098 2221 1146 2278 σχ.
1179 2203 1261 2267 Η11.
1297 2207 1361 2266 934
1395 2204 1444 2269 ed.

455 2309 628 2377 Schwartz
652 2309 775 2396 (1887).

413 2419 449 2483 11.
476 2423 517 2480 52
543 2417 583 2483 11
607 2417 758 2485 Thaletis
782 2415 986 2498 parentibus.

412 2525 507 2610 Quod
531 2523 647 2591 Oicero
672 2524 715 2589 ad
739 2527 813 2590 Att.
843 2530 870 2598 6,
899 2531 926 2606 1,
954 2530 992 2586 18
1024 2523 1185 2590 Duridem
1214 2526 1366 2606 appellat
1390 2527 1444 2591 ho·

323 2633 442 2698 minem
481 2629 514 2696 in
555 2629 696 2695 historia
730 2629 922 2714 diligentem
957 2629 1040 2696 nihil
1075 2631 1176 2697 valet.
1235 2631 1324 2716 Quid
1360 2633 1443 2700 enim

323 2739 448 2822 mirum,
483 2737 568 2820 quod
604 2737 689 2820 apud
726 2737 1016 2804 oratoremillum
1054 2738 1194 2805 hominis
1224 2737 1444 2825 Peripatetici

322 2845 597 2912 Pseudohistoria
627 2846 661 2911 in
692 2845 816 2912 maiore
847 2847 968 2913 honore
1000 2851 1084 2929 erat,
1116 2867 1212 2928 quam
1244 2850 1334 2930 apud
1362 2849 1442 2915 Era·

322 2955 507 3022 1111111111
541 2940 641 3036 atque
673 2953 755 3019 adeo
788 2954 873 3037 apud
904 2954 1128 3038 Plutarchum,
1161 2954 1216 3036 qui
1248 2972 1440 3038 quamquam

322 3080 385 3127 1011
410 3079 546 3127 severus
571 3061 676 3126 estin
701 3053 863 3144 eligendis
880 3060 1091 3127 historiarum
1114 3061 1314 3148 auctoribus,
1332 3069 1438 3130 tamen

321 3169 361 3233 de
392 3167 516 3233 Duride
546 3169 594 3232 sia
621 3165 758 3233 iudicat:
786 3167 874 3232 Plut.
900 3167 975 3233 Per.
1001 3175 1041 3232 28
1059 3167 1127 3232 οὐδ’
1146 3165 1228 3231 ὅπου
1249 3173 1347 3249 μηδὲν
1369 3171 1439 3250 αἰνῷ

321 3273 484 3355 πρὸςεστιν
516 3275 596 3338 111ον
619 3271 731 3347 πάθος,
765 3271 887 3348 εἰωθώς
919 3287 1045 3354 κρατεῖν
1077 3273 1134 3354 τὴν
1158 3273 1297 3356 διήγησιν
1321 3279 1370 3341 ἐπὶ
1393 3275 1442 3352 τῆς

321 3379 465 3462 ἀληθείας

411 3489 517 3574 Quale
549 3490 629 3552 ἴδιον
659 3489 763 3564 adeor
795 3507 867 3554 eum
899 3488 941 3554 ad
969 3490 1031 3554 hoc
1059 3490 1183 3564 πλάσμα
1208 3490 1248 3556 de
1271 3490 1440 3556 Herodoto

322 3595 547 3678 instigaverit.
579 3593 613 3662 in
643 3603 797 3679 promptu
828 3600 893 3661 est:
925 3595 1031 3662 voluit
1063 3595 1194 3664 Samum
1218 3597 1323 3664 videri
1346 3612 1440 3680 prae·

322 3723 431 3770 codem
462 3704 551 3768 ilium
578 3703 791 3770 amoenitatis
815 3722 895 3770 suae
923 3704 1152 3786 procreavissc
1176 3711 1277 3786 atque
1300 3704 1438 3790 gloriam

319 3811 487 3876 seminarii
511 3811 654 3879 virorum
677 3812 834 3877 bonorum
858 3812 946 3893 apud
970 3816 1122 3893 posteros
1138 3813 1296 3879 invenire.
1336 3807 1437 3881 Aliud

319 3916 444 3992 πλάσμα
476 3918 615 3984 Duridis
648 3919 686 3984 de
718 3917 864 4001 Lysippo
898 3918 1113 3985 autodidacto
1138 3919 1268 3986 detexit
1291 3914 1437 3989 Urlichs

322 4023 426 4091 minor
441 4025 473 4090 iu
492 4025 601 4092 libello
619 4026 658 4092 de
676 4025 818 4094 Graecis
835 4026 1051 4111 scriptoribus
1068 4026 1153 4093 artis
1169 4029 1283 4112 (1887)
1297 4044 1371 4110 pag.
1388 4026 1435 4084 27.

409 4130 510 4199 Falso
540 4139 652 4200 autem
684 4131 873 4203 Kransius
908 4155 949 4200 ex
978 4133 1117 4201 Duridis
1151 4132 1340 4200 testimonio
1364 4145 1435 4196 con·

322 4238 432 4314 clusit,
466 4240 668 4322 temporibus
704 4241 794 4308 illius
824 4243 943 4308 bonam
974 4239 1095 4310 Snidae
1127 4241 1167 4308 de
1197 4241 1435 4308 Halicarnasso
